2146 3704
58 211 101 273 u
362 228 404 270 aa
425 228 522 273 armo
542 226 679 269 amireo.

59 339 168 393 veribus
178 337 225 419 qui
237 344 416 418 superessent,
429 346 461 417 ut
471 355 506 390 ex
517 337 629 406 tumulo,
642 336 698 390 tela
714 335 741 388 in
756 344 859 418 nostros
868 337 985 410 conjice·
1062 374 1068 385 .

59 417 118 463 rent
130 418 157 462 et
169 409 224 531 qua
236 416 384 477 intercepta
396 415 578 461 remrtterent:
591 417 621 460 ut
633 423 685 460 nou
698 423 881 477 nequicquam
892 417 983 463 tantae

59 478 164 532 virtutis
194 477 299 531 omines
315 476 429 546 judicari
447 476 558 530 deberet
578 492 658 529 ausos
677 492 738 530 esse
757 476 869 531 transire
888 477 984 534 latissi-

58 565 136 602 mum
148 549 257 610 flumen,
270 547 417 600 ascendere
429 546 575 600 altissimas
586 546 665 616 ripas,
678 546 769 600 subire
781 547 985 616 iniquissimum

59 617 164 672 locum:
189 634 259 687 quae
279 617 370 671 facilia
389 632 424 669 ex
443 615 609 670 difficillimis
628 615 712 670 animi
731 617 889 686 magnitudo
909 620 984 673 rede·

96 690 153 740 rat.¹
983 729 986 737 .

59 704 138 811 ge28.
157 757 214 810 lloc
231 756 331 826 proelio
349 757 420 810 tacto
438 763 466 809 et
483 771 566 825 prope
584 754 620 809 ad
636 755 841 811 internicionem
856 767 939 825 gente
952 776 985 812 ao

59 827 169 881 nomine
181 827 341 880 Nerviorum
353 826 460 880 redacto
469 824 586 895 majores
596 832 670 893 natu,
679 841 746 895 quos
757 842 811 879 una
822 841 888 880 oum
895 831 985 898 pueris

59 895 272 964 mulieribusque
285 896 313 949 in
321 895 455 949 aestuaria
463 910 496 947 ac
504 894 618 964 paludes
625 894 752 948 collectos
760 894 923 968 dixeramus,
933 899 985 952 hac

59 982 150 1036 pugna
167 966 294 1034 nuntiata,
313 981 377 1019 cum
393 963 539 1019 victoribus
555 963 621 1018 nihil
638 964 807 1036 impeditum,
821 967 900 1020 victis
917 967 985 1022 nihil

60 1043 149 1089 tutum
159 1034 355 1104 arbitrarentur,
368 1035 497 1105 omnium,
505 1033 552 1104 qui
565 1044 729 1105 supererant,
737 1052 871 1090 consensu
882 1036 985 1106 legatos

59 1104 95 1158 ad
107 1105 253 1158 Caesarem
269 1104 400 1157 miserunt
418 1121 502 1174 seque
519 1104 546 1157 ei
561 1103 728 1172 dediderunt,
742 1104 809 1158 etin
820 1122 984 1161 commemo·

60 1174 146 1228 reuda·
156 1173 273 1228 civitatis
285 1174 440 1227 calamitate
458 1191 493 1227 ex
511 1174 647 1227 sexcentis
665 1175 700 1228 ad
719 1183 774 1228 tres
790 1183 937 1246 senatores,
951 1194 986 1231 ex

59 1244 201 1298 hominum
217 1244 326 1298 milibus
341 1261 385 1297 ax.
398 1244 445 1297 vix
455 1243 489 1296 ad
503 1242 669 1313 quingentos,
683 1245 728 1314 qui
744 1261 820 1299 arma
837 1245 907 1299 serre
925 1263 984 1316 pos-

60 1323 128 1384 sent,
141 1331 203 1367 sese
216 1313 338 1366 redactos
351 1330 412 1366 esse
423 1313 556 1367 dixerunt.
588 1312 661 1370 Quos
673 1314 778 1385 Caesar,
791 1315 861 1369 utin
870 1317 986 1370 miseros

59 1399 93 1437 ac
111 1383 247 1453 supplices
263 1400 328 1436 usus
345 1383 528 1436 misericordia
543 1382 684 1452 videretur,
698 1383 905 1452 diligentissime
923 1402 984 1438 con·

60 1454 176 1507 servavit
193 1454 303 1522 suisque
321 1453 420 1507 finibus
436 1463 516 1522 atque
535 1451 641 1522 oppidis
658 1452 697 1506 uti
713 1452 799 1523 jussit,
819 1461 846 1507 et
864 1453 985 1508 finitimis
1026 1467 1029 1475 ·

59 1523 211 1594 imperavit,
221 1535 250 1577 ut
262 1523 298 1577 ab
310 1521 405 1593 injuria
417 1531 444 1576 et
455 1522 590 1576 maleficio
601 1538 631 1574 se
644 1539 760 1592 suosque
771 1522 962 1593 prohiberent.¹

96 1599 138 1646 29.
157 1593 299 1663 Aduatuci,
312 1593 347 1647 de
365 1593 463 1663 quibus
480 1609 560 1662 supra
577 1591 740 1661 scripsimus,
758 1608 841 1661 quum
858 1593 985 1648 omnihus

59 1664 143 1733 copiis
154 1664 252 1716 auxilio
264 1663 372 1717 Nerviis
384 1663 515 1732 venirent,
527 1661 579 1715 hec
597 1678 688 1733 pugna
705 1662 827 1716 nuntiata
841 1680 876 1716 ex
887 1662 985 1717 itinere

59 1731 171 1786 domum
183 1741 348 1798 reverterunt
355 1749 363 1802 3
380 1732 485 1787 cunctis
502 1731 608 1802 oppidis
624 1730 796 1800 castellisque
808 1732 924 1786 desertis
935 1749 986 1789 sua

58 1802 149 1856 omnia
161 1803 189 1871 in
200 1820 285 1856 unum
295 1802 434 1873 oppidum⁸
445 1802 552 1870 egregie
561 1809 656 1854 natura
663 1802 800 1855 munitum
807 1802 984 1857 contulomnt.

58 1871 136 1931 Quod
154 1889 219 1925 cum
236 1889 271 1925 ex
288 1873 414 1926 omnibus
431 1873 460 1925 in
478 1871 589 1924 circuitu
643 1870 728 1924 rtibus
744 1870 890 1925 altissimas
904 1888 986 1943 rupes

59 1939 256 2010 despectusque
268 1939 389 2010 haberet,
401 1958 456 1995 una
470 1957 505 1994 ex
516 1949 591 2010 parte
620 1940 705 1994 eniter
721 1941 833 1995 acclivis
849 1941 940 1996 adime
956 1942 993 1997 in*

57 2009 228 2063 latitudinem
246 2026 300 2062 non
317 2011 435 2081 amplius
451 2009 628 2063 ducentorum
645 2010 756 2079 pedumi
770 2011 985 2093 relinquebatur,

58 2096 141 2149 quem
158 2080 249 2132 locum
264 2079 366 2149 duplici
381 2079 512 2133 altissimo
529 2080 616 2133 muro⁶
632 2081 794 2151 munierant,
813 2089 874 2135 tum
890 2098 985 2151 magm

57 2149 184 2218 ponderis
199 2165 265 2201 saxa
280 2158 307 2203 et
323 2159 483 2220 praeacutas
494 2148 583 2203 trabes
595 2149 623 2202 in
634 2166 712 2204 muro
723 2149 894 2205 collocarent.
929 2151 985 2223 Irni

58 2227 135 2271 erant
152 2236 187 2272 ex
205 2218 320 2273 Cimbris
338 2220 467 2273 Teutonis
485 2237 520 2273 ue
538 2219 667 2294 prognati,
681 2219 736 2300 qui,
749 2237 815 2274 cum
824 2220 875 2274 iter
885 2221 915 2275 in
925 2237 985 2292 pro-

57 2287 177 2342 vinciam
194 2297 313 2343 nostram
335 2298 416 2360 atque
439 2237 547 2344 Itllr'am
569 2288 697 2360 facerent,
716 2289 751 2342 iis
772 2289 983 2363 impedimentis,

87 2463 223 2528 ¹Redr'gere
237 2464 295 2514 here
311 2465 356 2514 has
373 2465 415 2515 the
431 2480 499 2515 same
515 2465 630 2526 meaning
640 2481 667 2514 as
678 2467 783 2523 reddere,
798 2470 841 2515 ‘to
851 2465 945 2526 malre,’
957 2480 985 2517 or

60 2525 169 2586 ‘change
180 2542 195 2575 a
205 2525 276 2586 thing
286 2525 348 2575 srorn
359 2541 405 2575 one
416 2525 540 2574 condition
551 2536 578 2574 to
588 2525 707 2573 another.'

87 2599 259 2649 'Prelrherent
270 2600 328 2649 here
340 2599 443 2662 belongs
452 2608 478 2661 to
486 2598 547 2649 both
555 2614 581 2648 ee
591 2597 639 2648 and
648 2615 716 2655 auor,
726 2597 820 2660 though
833 2603 873 2647 ‘to
881 2599 985 2649 restrum

57 2660 127 2707 one’s
146 2659 205 2707 sels¹
219 2659 289 2707 alone
309 2675 354 2707 can
372 2659 483 2719 scarcely
500 2660 531 2707 be
550 2657 684 2718 expressed
702 2659 736 2718 by
750 2675 777 2706 re
791 2660 921 2721 probibere,
940 2661 984 2709 but

57 2727 123 2767 must
135 2719 165 2766 be
177 2718 295 2766 rendered
306 2719 384 2768 either
395 2721 429 2780 by
438 2720 558 2768 obstinere
568 2733 595 2766 or
605 2735 631 2766 re
640 2719 766 2766 obstinere.

87 2790 96 2819 ⁸
107 2789 183 2839 What
194 2800 262 2843 town
272 2791 294 2839 is
305 2800 388 2841 meant
399 2791 491 2851 hereis
499 2790 642 2850 uncertain;
654 2806 724 2841 some
735 2790 832 2841 bebere
841 2790 894 2840 that
905 2791 923 2840 it
933 2807 985 2842 was

57 2849 99 2898 the
115 2849 216 2897 modern
232 2860 297 2897 town
309 2848 337 2897 os
354 2849 459 2908 Nainur,
472 2850 521 2899 and
537 2850 620 2900 others
638 2850 709 2899 think
724 2849 778 2899 that
794 2850 812 2898 it
824 2866 876 2901 was
892 2850 984 2901 Falsis.

57 2908 199 2977 According
209 2917 235 2956 to
246 2909 288 2956 the
300 2908 448 2969 description
465 2909 524 2958 here
559 2910 622 2966 'ven,
635 2909 655 2958 it
666 2926 718 2958 was
734 2909 843 2959 situatod
853 2925 885 2958 ou
897 2909 985 2971 alolty

56 2968 125 3026 roch,
139 2967 221 3076 lwhrlch
233 2982 284 3016 was
295 2976 366 3029 steep
376 2984 409 3017 ou
420 2968 453 3017 all
464 2969 531 3018 sides
564 2978 591 3018 ut
603 2983 658 3028 one,
671 2969 755 3018 where
766 2968 808 3017 the
819 2967 880 3018 rock
890 2967 985 3019 formed

56 3038 252 3090 agentesope.

84 3102 159 3153 ‘The
170 3100 279 3164 genitive
289 3103 443 3151 ducentorum
450 3105 537 3166 pedum
548 3074 703 3164 is'governed
713 3102 747 3162 by
757 3102 848 3150 addua

84 3175 198 3238 ‘Duplex
207 3191 312 3246 moror,-
324 3175 396 3226 these
407 3186 458 3248 two
467 3175 548 3247 words
558 3174 629 3245 form,
641 3190 668 3225 us
679 3173 906 3282 itwere,ou15.one
915 3173 973 3248 idea

52 3234 238 3343 yllssfflhm
249 3251 271 3285 rs
282 3250 314 3286 no
324 3246 449 3298 necessrty
460 3234 497 3286 lor
507 3234 663 3296 introducing
672 3242 694 3284 et
705 3235 819 3313 between
860 3236 920 3297 plici
935 3209 984 3286 eorl
