2146 3704
387 142 390 147 »
461 119 553 162 ursan
571 119 613 164 rte
662 149 665 153 -
692 120 697 153 1
953 101 993 165 di
1012 182 1018 191 ,

70 222 215 302 mstnravit
225 236 314 300 'atqua
332 229 369 284 ibi
387 238 475 283 eastra
487 231 582 300 posuit.
619 231 696 290 Quae
714 247 758 284 res
774 239 802 285 et
818 231 891 285 latus
909 228 994 286 unum

69 309 223 356 asnorum·
237 300 258 353 ri
279 300 301 352 's
320 299 439 354 fluminis
456 301 594 354 muniebat
612 308 714 370 etpost
732 316 796 354 eum
813 317 884 370 qnae
903 307 995 355 essent

70 378 124 426 t'uta
136 372 176 424 ab
186 369 257 424 hosti
278 386 309 423 us
321 368 449 423 reddebat
461 381 488 423 et
500 380 668 422 commeatus
680 369 715 422 ab
726 369 819 422 Remis
830 369 998 440 reliquisque¹

69 440 223 494 eivitatib'us
234 447 264 493 ut
276 439 333 492 sins
345 440 464 508 periculo
479 439 514 491 ad
526 441 600 492 eum¹
611 440 708 508 portari
720 449 836 509 possent,
849 439 993 494 effioiebat.

70 511 97 564 lu
117 527 149 563 eo
169 509 283 562 flumine
337 526 369 561 ns
386 519 452 561 erat.
488 508 528 562 Ibi
547 507 709 578 praesidium
763 509 801 561 nit
819 516 847 561 et
865 508 892 561 in
910 508 995 562 altera

69 578 283 651 par'te'flnmini's
294 525 424 636 &intem
436 576 570 631 Titurium
588 577 714 631 Sabinum
737 587 847 646 egatum
865 594 929 631 eum
944 594 995 632 sex

69 648 225 703 cohortibus
241 647 383 716 relinquit:
403 656 491 701 eastra
509 646 536 699 in
554 647 725 701 altitudinem
743 647 845 718 pedum
861 664 912 702 111.
924 646 995 701 vallo

70 718 196 788 fossaque
207 715 391 785 duodeviginti
403 715 503 788 pedum
516 717 631 770 munire’
641 716 727 787 jubet.
830 726 831 729 ’

98 794 129 841 d.
149 788 194 840 Ab
206 788 250 839 his
261 787 356 839 eastris
367 786 495 856 oppidum
507 787 651 840 Remorum
664 786 772 841 nomine
785 786 891 841 Bibrax·
901 786 995 841 aberat

70 857 145 912 milia
156 872 286 926 passuum
304 865 373 908 oeto.
409 855 439 908 Id
452 871 487 907 ex
499 856 602 909 itinere⁴
615 873 713 926 magno
723 857 826 926 impetu
837 856 940 926 Belgae
948 872 995 927 op·

69 944 104 997 pu
159 942 188 979 rs
200 934 353 994 coeperunt.
384 928 472 993 Aegre
485 925 573 978 eodie
586 935 764 981 sustentatum
777 936 827 980 est.
856 927 995 983 Gallorum

69 1014 84 1048 e
105 1008 107 1011 ·
121 1003 167 1049 ein
178 994 414 1065 atque'Belg'arum
425 995 585 1066 oppugnatio
598 997 725 1050 aethaeo.
754 996 808 1049 Ubi
818 996 999 1066 circumjecta

69 1065 241 1132 multitudine
254 1065 394 1118 hominum
406 1065 468 1117 totis
479 1065 622 1118 moenibus
639 1065 758 1135 undique
770 1066 797 1119 irr
809 1082 917 1120 murum
929 1065 995 1136 lapi·

70 1134 121 1189 des‘
134 1135 188 1206 jabi
200 1135 289 1205 ooepti
302 1143 369 1204 sunt,
382 1150 527 1204 munrsque
545 1134 731 1191 defensoribus
748 1135 863 1193 nudatus
879 1143 928 1204 est,
942 1143 995 1188 tes·

33 1257 36 1265 ,
70 1205 162 1258 tudine
185 1202 257 1258 faeta
311 1212 365 1257 rtas
388 1204 534 1257 suoeedunt
554 1221 714 1274 murumque
738 1205 875 1258 subruunt.
918 1202 994 1264 Quod

71 1273 275 1328 tumfaeile⁸fie
313 1281 331 1326 t.
367 1274 440 1326 Nam
457 1289 521 1326 oum
533 1282 607 1326 tanta
618 1273 760 1327 multitudo
775 1274 878 1344 lapides
895 1291 928 1327 ao
940 1275 996 1327 tela

71 1344 242 1414 oonjioerent,
264 1344 290 1396 in
308 1359 384 1396 muro
407 1343 571 1395 consistendi
591 1351 710 1412 potestas
733 1351 789 1395 erat
808 1343 883 1396 nulli.
925 1344 997 1398 cum

70 1413 153 1468 finem
166 1412 340 1483 oppugnandi
358 1428 411 1465 nox
428 1412 545 1482 fecisset,
559 1412 646 1465 Iooius
657 1413 765 1481 Remus,
779 1427 886 1464 summa
901 1411 995 1465 nobili-

70 1491 124 1537 tate
142 1491 170 1536 et
187 1483 272 1552 gratia
284 1482 352 1535 inter
368 1498 437 1552 suos,
468 1481 496 1534 ui
514 1490 573 1534 tum
589 1481 692 1551 oppido>
703 1479 861 1551 praefuerat,
874 1497 944 1534 unus
960 1498 996 1536 ex

70 1551 118 1623 his,
135 1552 182 1623 qui
199 1552 282 1622 legati
300 1551 334 1604 de
353 1568 420 1621 pace
438 1499 473 1605 a}
493 1552 638 1604 Caesarem
655 1545 802 1619 venerant,⁶
819 1550 942 1604 nuntium
959 1551 995 1605 ad

50 1621 56 1630 ¹
69 1638 133 1678 eum
144 1621 253 1677 mittite
263 1621 314 1674 nisi
326 1621 475 1676 subsidium
487 1620 537 1674 sibi
550 1621 727 1691 submittatur,
741 1636 802 1673 sese
820 1619 921 1674 diutius
939 1637 996 1674 sus·

69 1692 155 1746 tinere
167 1707 220 1744 non
232 1708 320 1761 posse.

102 1767 134 1816 7:
143 1761 192 1815 Eo’
201 1760 236 1814 de
247 1761 339 1814 media
348 1769 426 1813 nocte
434 1761 533 1813 Caesar
541 1758 639 1813 iisdem
647 1758 761 1814 ducibus
772 1774 845 1830 usas,
854 1760 900 1830 qui
908 1760 995 1815 nuntii

68 1830 103 1885 ab
115 1830 186 1898 Ionio
199 1838 334 1900 venerant,
348 1829 481 1883 Numidas
493 1838 520 1882 et
532 1830 625 1883 Cretas
642 1830 791 1899 sagittarios
808 1839 836 1884 et
847 1830 996 1885 funditores

69 1900 205 1954 Baleares⁸
217 1899 336 1953 subsidio
348 1899 489 1970 oppidanis
500 1900 581 1952 mittit
588 1914 596 1969 3
609 1916 722 1970 quorum
733 1901 851 1954 adventu
862 1909 889 1954 et
901 1901 995 1955 Remis

69 1983 134 2024 eum
145 1985 194 2039 spe
206 1969 371 2022 defensionis
382 1969 501 2023 studium
512 1970 694 2040 propugnandi
701 1971 824 2041 aooessit,
834 1978 861 2023 et
873 1970 996 2024 hostibus

69 2039 169 2093 eadem
176 2038 212 2092 de
225 2055 307 2092 eausa
319 2056 382 2109 spes
393 2039 513 2109 potiundi
521 2038 612 2110 oppidi
621 2038 754 2094 discessit.
790 2040 884 2110 Itaque
896 2039 995 2110 paulis-

68 2125 117 2180 per
127 2108 199 2180 apud
212 2108 341 2181 oppidum
357 2109 453 2162 morati
464 2125 595 2179 agrosque
607 2111 753 2163 Remorum
770 2109 924 2180 depopulati
938 2126 995 2164 om-

97 2282 106 2311 ¹
118 2279 196 2337 Eum
213 2279 267 2328 that
278 2279 308 2336 is,
325 2279 456 2330 Caesarem.

96 2365 233 2427 'Namely,
250 2368 347 2424 nidum,
364 2367 412 2416 end
432 2376 474 2415 not
493 2366 605 2415 Titurius
623 2366 739 2422 Sabinus,
757 2365 814 2414 who
830 2380 883 2414 was
901 2380 934 2414 on
950 2365 993 2422 the

68 2424 138 2473 uther
148 2425 201 2474 side
212 2425 240 2474 of
247 2426 288 2474 the
300 2426 371 2474 river.
870 2452 871 2455 ¹

96 2511 206 2561 'Bairos
217 2513 238 2562 is
250 2511 363 2562 believed
378 2513 412 2572 by
422 2527 491 2560 some
502 2519 527 2559 to
538 2512 568 2558 be
580 2510 622 2559 the
638 2510 701 2559 little
717 2519 784 2559 town
799 2509 828 2559 of
839 2509 937 2570 Bidvre,
950 2512 992 2560 be·

69 2577 150 2618 tween
161 2571 230 2620 Leon
241 2572 288 2621 and
299 2572 341 2620 the
352 2571 416 2620 river
426 2571 513 2619 Aisne.

96 2656 155 2706 ‘Ee
172 2659 277 2716 itinere,·
294 2658 348 2707 that
365 2658 394 2714 is,
408 2657 482 2706 while
498 2673 530 2706 on
545 2656 609 2706 their
624 2656 717 2714 merch,
734 2656 782 2706 and
797 2656 901 2708 without
918 2657 992 2709 inter-

69 2717 166 2779 rupting
177 2718 195 2766 it
206 2719 240 2780 by
251 2717 361 2778 pitcbing
372 2718 436 2766 their
446 2732 516 2778 camp
528 2733 587 2766 near
597 2716 639 2765 the
650 2716 727 2778 place.
760 2716 808 2766 Soo
819 2717 835 2766 i.
847 2721 885 2767 25.

96 2807 182 2857 ‘That
193 2809 223 2866 is,
238 2809 359 2857 ‘without
371 2807 478 2870 danger)

96 2895 163 2943 ‘See
174 2895 244 2956 chnp.
256 2898 278 2944 3.
355 2954 357 2956 ,

98 2981 154 3031 'Eo
164 2983 222 3032 here
238 2998 296 3043 may
307 2984 338 3030 be
352 2982 477 3041 ‘thither,'
491 2982 599 3043 namely‚
611 2983 689 3032 rothe
705 2992 773 3032 town
783 2982 812 3032 of
824 2981 924 3040 Bibrax,
936 2981 991 3030 orit

71 3042 91 3090 ie
102 3042 164 3092 used
174 3042 199 3091 in
210 3041 253 3090 the
264 3056 337 3090 sense
348 3042 376 3090 of
383 3043 435 3091 ideo
441 3058 452 3100 ,·
470 3042 513 3090 the
524 3042 597 3090 latter
607 3042 628 3090 is
638 3042 781 3102 preferable.

96 3110 108 3157 Ι·
117 3127 173 3177 The
191 3127 350 3185 Numidiam,
363 3145 391 3179 as
402 3128 460 3178 well
471 3145 498 3178 as
510 3129 551 3177 the
564 3129 657 3178 Cretan
672 3129 770 3177 arehers
783 3127 830 3177 end
846 3128 888 3178 the
904 3127 990 3180 Balea·

72 3184 122 3235 rian
132 3188 246 3294 elprgers,
260 3202 300 3236 are
312 3186 370 3236 here
382 3196 407 3237 to
418 3190 449 3237 be
461 3188 606 3238 considered
615 3204 643 3237 as
653 3204 671 3238 a
679 3187 971 3251 light-armadiniantru.
