2146 3704
455 117 548 159 manu
566 118 621 160 vu.
945 106 1006 166 223

78 227 157 284 nibus
169 225 363 282 munitionibus
374 226 483 281 clamor.
518 226 615 296 Nostri,
628 227 735 281 omissis
751 228 822 300 prlis,
834 228 932 298 gladiis
946 249 1005 287 rem

77 307 182 367 gerunt.
218 299 339 366 Repente
359 307 418 367 post
439 305 546 364 tergum
565 297 700 367 equitatus
723 299 855 352 cernitur:
882 299 1005 355 cohortes

77 368 147 420 aliae
159 369 385 436 appropinquant:
399 365 490 419 hostes
502 375 576 435 terga
588 375 708 421 vertunt:
722 358 886 436 fugientibus
898 371 1005 438 equites

77 446 231 490 occurrunt:
250 437 280 489 fit
296 454 395 505 magna
407 436 514 489 caedes.
551 436 681 506 Sedulius,
695 437 751 490 dux
768 447 795 490 et
812 438 936 507 princeps
953 440 1003 494 Le·

77 509 222 575 moricum,
242 507 386 560 occiditur:
405 505 624 573 Vergasillaunus
640 509 778 560 Arvernus
795 508 874 560 rivus
891 509 919 561 in
937 508 1003 578 fuga

77 576 327 646 comprehenditur:
348 576 424 644 signa
436 575 561 628 militaria
572 592 665 630 axxrv.
677 575 711 629 ad
724 577 868 630 Caesarem
885 577 1004 633 referun·
1019 622 1021 625 .

77 657 134 699 tur:
153 645 234 716 pauci
246 663 281 700 ex
292 654 365 699 tanto
377 662 488 698 numero
500 661 530 697 se
543 645 692 698 incolumes
710 646 738 699 in
755 657 844 699 castra
862 648 1002 716 recipiunt.

77 716 229 785 Conspicati
252 733 287 769 ex
306 715 402 786 oppido
426 714 541 768 caedem
561 723 587 768 et
611 716 705 783 fugam
724 732 841 786 suorum,
861 716 1004 786 desperata

76 785 172 854 salute,
192 787 282 854 copias
306 803 323 838 a
346 785 538 838 munitionibus
561 784 701 838 reducunt.
737 785 781 839 Fit
804 786 931 856 protinus,
950 787 1003 840 hac

76 872 104 908 re
128 855 229 924 audita,
254 872 289 908 ex
311 855 405 908 castris
428 854 566 908 Gallorum
596 854 668 922 luga.
715 855 793 914 Quod
821 856 872 909 nisi
902 856 1004 910 crebris

76 924 206 978 subsidiis
223 941 255 977 ac
273 925 354 978 totius
371 923 426 977 diei
444 923 534 976 labore
551 923 652 977 milites
669 934 759 978 essent
777 924 896 996 defessi,¹
907 942 1003 983 omnes

75 994 194 1047 hostiurn
215 993 309 1063 copiae
329 993 414 1046 deleri
431 993 588 1062 potuissent.
625 993 665 1046 De
689 994 780 1047 media
802 1003 880 1048 nocte
902 995 1004 1049 missus

75 1064 212 1133 equitatus
229 1062 405 1116 novissimum
423 1080 522 1132 agmen
540 1063 725 1132 consequitur:
745 1080 861 1131 magnus
874 1080 1003 1118 numerus

74 1134 176 1255 qapiter
196 1141 278 1202 atque
298 1133 460 1203 interficitur,
476 1132 572 1202 reliqui
590 1149 625 1186 ex
644 1131 710 1202 fuga
726 1133 753 1186 in
774 1134 897 1187 civitates
915 1133 1002 1188 disoe-

94 1211 151 1256 unt.

109 1277 154 1325 89.
180 1273 288 1325 Postero
312 1270 356 1324 die
376 1271 585 1340 Vercingetorix,
607 1270 719 1324 concilio
743 1282 895 1342 convocato,
918 1271 947 1325 id
970 1287 1001 1325 se

73 1339 176 1394 bellurn
195 1340 346 1410 suscepisse
364 1357 417 1393 uon
436 1357 544 1393 suarum
562 1340 772 1410 necessitatum,²
784 1340 831 1393 sed
850 1341 1001 1394 communis

73 1409 205 1463 libertatis
216 1427 305 1479 causa,
319 1409 498 1477 demonstrat,
517 1417 544 1460 et
563 1409 691 1478 quoniam
708 1410 749 1463 sit.
761 1409 882 1462 fortunae
900 1410 1000 1463 ceden-

73 1479 147 1548 dum,
168 1479 202 1532 ad
222 1488 364 1547 utramque
385 1496 442 1531 rem
466 1495 495 1530 se
515 1476 568 1529 illis
587 1477 690 1545 offerre,
711 1495 759 1530 seu
777 1488 864 1531 morte
882 1495 930 1531 sua
949 1479 999 1532 Ro·

72 1552 163 1601 manis
186 1549 349 1616 satisfacere,
369 1565 417 1600 seu
435 1547 528 1601 vivum
550 1547 654 1599 tradere
672 1548 764 1600 velint.
800 1547 945 1601 Mittuntur
964 1547 999 1600 de

72 1617 116 1670 his
136 1619 216 1671 rebus
236 1618 270 1670 ad
291 1619 435 1671 Caesarem
456 1617 546 1685 legati.
582 1615 663 1670 lubet
683 1634 758 1669 arma
776 1616 852 1685 tradi,
865 1617 1000 1687 principes

72 1688 192 1755 produci.
229 1688 290 1756 lpse
312 1688 339 1738 in
359 1687 509 1739 munitione
529 1702 575 1755 pro
597 1686 691 1738 castris
709 1686 844 1738 consedit:
864 1702 896 1737 eo
914 1685 1000 1739 duces

72 1757 260 1825 producuntur.
296 1755 498 1824 Vercingetorix
514 1755 628 1824 deditur,
641 1772 717 1808 arma
731 1754 912 1824 projiciuntur.
947 1756 998 1809 Re·

72 1826 296 1880 servatisAeduis
308 1834 389 1894 atque
400 1823 536 1894 Arvernis,
547 1825 568 1878 si
581 1841 628 1894 per
640 1841 686 1877 eos
698 1825 820 1878 civitates
832 1825 999 1895 recuperare¹

71 1906 169 1965 posset,
183 1913 218 1949 ex
236 1895 346 1964 reliquis
361 1896 476 1965 captivis
489 1903 542 1948 toto
555 1894 683 1948 exercitu*
695 1895 783 1965 capita
801 1894 906 1964 singula
922 1911 998 1966 prae·

71 1965 122 2017 dae
135 1967 243 2018 nomine
256 1965 396 2019 distribuit.

107 2040 147 2087 90.
167 2037 216 2088 His
235 2034 314 2087 rebus
332 2034 461 2087 confectis
479 2034 506 2086 in
524 2034 634 2086 Aeduos
651 2035 840 2104 proficiscitur;
859 2035 998 2087 civitatem

70 2105 174 2175 recipit.
210 2105 250 2157 Eo
274 2103 356 2170 legati
379 2103 414 2156 ab
437 2103 565 2155 Arvernis
587 2103 671 2172 missi,
697 2121 766 2172 quae
791 2105 940 2172 imperaret,
966 2120 996 2156 se

70 2173 187 2226 facturos
205 2173 372 2243 pollicentur.
413 2171 530 2238 Imperat
550 2188 680 2238 magnum
700 2189 844 2225 numerum
862 2173 996 2226 obsidum.

71 2243 203 2312 Legiones
221 2244 248 2295 in
272 2241 384 2294 hiberna
407 2240 503 2293 mittit:
531 2240 696 2307 captivorum
726 2240 830 2292 circiter
852 2259 898 2294 xx.
918 2242 996 2294 milia

70 2313 175 2365 Aeduis
192 2312 373 2379 Arvernisque
392 2308 495 2362 reddit:
514 2309 546 2360 Τ.
556 2307 706 2361 Labienum
723 2308 829 2363 duabus
840 2326 904 2363 curn
915 2310 996 2379 legio·

70 2383 150 2435 nibus
162 2390 189 2434 et
201 2382 322 2451 equitatu
340 2380 368 2432 in
385 2380 523 2448 Sequanos
539 2376 672 2447 proficisci
681 2376 773 2447 jubet:
792 2378 856 2432 huic
867 2380 908 2433 M.
921 2379 996 2434 Sem·

98 2575 107 2602 ¹
117 2573 207 2621 Essent
218 2575 318 2634 defessi;
336 2572 389 2621 that
400 2571 430 2627 is,
437 2569 549 2632 fuissent
559 2566 654 2629 defessi.
686 2566 896 2674 Respectingzthis
911 2584 955 2618 use
966 2570 994 2619 of

68 2632 111 2680 the
122 2633 248 2692 imperfect
260 2632 355 2682 instead
365 2631 394 2681 of
400 2631 442 2679 the
453 2626 587 2690 plupert'ect
598 2625 763 2687 subjunctive,
774 2641 816 2675 see
849 2637 927 2688 umpt‚
937 2627 995 2679 Lat.

71 2692 162 2749 Grata,
176 2693 189 2744 b
204 2696 257 2740 525.

96 2779 274 2830 ‘Necessitates
285 2780 343 2829 here
355 2795 395 2827 are
409 2775 572 2826 ‘connexione
583 2772 612 2822 os
623 2772 755 2834 lrieudship
766 2789 794 2822 or
803 2773 979 2836 relationslrip!

83 2868 106 2973 f’
115 2867 380 2974 pauperagecioitates
391 2866 413 2914 is
427 2870 467 2912 ‘to
479 2877 579 2912 recover
595 2861 637 2910 the
654 2860 787 2922 friendship
804 2861 852 2910 and
867 2860 996 2922 good-will

67 2941 82 2973 o
107 2937 115 2972 t
135 2938 245 2976 estates.

96 3014 107 3042 ⁴
119 3012 177 3060 Toto
189 3016 299 3071 coercita,
314 3013 354 3061 ‘in
364 3013 407 3061 the
418 3010 498 3060 whole
509 3008 597 3068 army‚’
610 3007 652 3055 the
669 3006 775 3054 abletive
791 3006 866 3067 being
880 3005 942 3055 used
957 3007 993 3055 in·

67 3072 138 3140 stead
149 3072 225 3141 ospes·
233 3082 306 3121 totum
317 3074 450 3127 sancitum,
463 3068 626 3136 ‘throughout
637 3067 679 3114 the
690 3081 741 3114 arm
761 3066 775 3135 :⁹
802 3065 908 3134 Singula
915 3067 995 3130 capita

67 3144 108 3179 are
119 3131 280 3182 rndrvrdualsr
300 3131 346 3181 ‘he
357 3147 418 3194 gave
429 3146 475 3180 one
487 3139 582 3190 captive
594 3136 620 3175 to
630 3124 692 3175 each
702 3125 731 3176 ol
792 3125 914 3175 soldrers!
