2146 3704
65 231 109 292 w
369 255 411 296 nn
432 253 529 303 nanno
550 252 687 294 csnurco.
774 307 777 313 Ι

66 357 133 415 nihil
146 375 207 414 esse
219 359 324 431 reliqui.
353 362 458 422 Quibus
470 362 550 416 rebus
561 361 695 415 adductus
705 361 800 415 Caesar
814 377 868 416 nen
879 377 990 432 exspec-

67 428 181 483 tandum
192 429 245 484 sibi
256 432 356 503 statuit,
369 433 436 486 dum
447 432 572 488 omnibus
582 432 695 486 fortunis
706 431 838 487 sociorum
848 447 990 503 consump·

66 499 104 552 tis
113 499 141 552 in
153 499 283 554 Santonos
292 501 411 556 Helvetii
422 501 600 572 pervenirent.

105 573 146 622 12.
165 568 280 624 Flumen
298 579 340 624 est
357 574 442 642 Arar,¹
460 571 531 640 quod
543 587 592 641 per
602 571 673 624 fines
682 569 840 624 Aeduorum
852 577 880 624 et
892 570 992 641 Sequa·

66 653 163 692 norum
176 639 209 696 ‚in
226 639 387 694 Rhodanum
405 641 499 711 influit,
512 639 662 694 incredibili
676 639 794 708 ienitate,
808 639 845 694 ita
856 650 886 694 ut
898 640 992 711 oculis,

66 707 96 762 in
106 717 195 763 utram
206 718 312 779 partem
323 710 396 781 fluat,
408 709 522 780 judicari
533 727 585 764 non
597 709 689 779 possit.
717 709 749 762 Id
760 709 879 763 Helvetii
891 710 993 764 ratibus

66 793 101 832 ac
118 777 241 833 lintribus
258 778 357 850 junctis
377 780 532 834 transibant.
567 779 622 834 Ubi
638 795 687 849 per
703 795 738 832 ex
757 779 883 832 loratores
894 780 993 833 Caesar

66 847 163 901 certior
174 847 262 902 factus
274 857 316 902 est
327 857 381 902 tres
391 849 447 919 jam
456 858 546 919 partes
554 849 692 922 copiarum
699 796 839 901 Heiretios
849 848 877 902 id
889 848 992 903 flumen

67 916 226 987 traduxisse,
238 926 362 988 quartam
370 935 434 972 vero
441 926 547 989 partem
554 919 621 972 citra
632 918 735 972 flumen
746 918 853 972 Ararim
861 918 993 988 reliquam

66 1001 136 1056 esse,
150 985 195 1040 ds¹
206 987 285 1040 tertia
293 987 383 1057 vigilia
395 1004 459 1043 curn
470 987 621 1057 legionibus
628 988 714 1042 tribus
722 1005 738 1041 e
747 987 993 1058 castris⁸profectus

64 1053 101 1109 ad
112 1071 176 1109 eam
187 1064 292 1126 partem
304 1058 435 1129 pervenit,
443 1075 514 1128 quae
525 1057 645 1112 nondum
656 1057 759 1112 flumen
771 1057 918 1111 transierat.
937 1058 993 1111 Eos

65 1123 211 1194 impeditos
230 1134 258 1179 et
277 1126 446 1198 inopinantes
464 1127 610 1198 adgressus
629 1143 757 1195 magnam
776 1135 881 1197 partem
899 1142 993 1183 eorum

65 1193 198 1248 concidit:
222 1195 318 1265 reliqui
341 1214 402 1250 sese
426 1197 507 1265 fugas
527 1194 688 1250 mandarunt
707 1203 789 1249 atne
809 1196 838 1250 in
857 1197 992 1266 proximas

65 1263 150 1317 silvas
170 1264 341 1319 abdiderunt.
377 1267 404 1320 Is
425 1283 512 1337 pagus
533 1265 720 1336 appellabatur
766 1266 902 1335 igurinus3
927 1283 992 1320 nam

64 1334 155 1387 omnis
166 1333 261 1388 civitas
271 1335 396 1389 Helvetia
408 1336 436 1390 in
447 1343 561 1406 quatuor
571 1352 655 1406 pagos
667 1335 754 1389 divisa
765 1326 894 1390 estJHic
906 1352 992 1406 pagos

64 1419 143 1474 unus,
157 1421 222 1458 curn
239 1403 319 1458 domo
336 1406 445 1476 exisset,
458 1414 565 1475 patrum
582 1414 731 1459 nostrorum
743 1405 874 1459 memoria
885 1406 916 1459 L.
929 1406 991 1458 Cas·
1030 1420 1041 1433 ‘

63 1472 137 1527 sium
148 1473 288 1528 consulem
300 1474 470 1529 interfecerat
482 1484 510 1529 et
522 1475 582 1529 e'us
590 1475 737 1529 exercitum
746 1475 798 1529 sub
808 1474 902 1545 jugum
910 1474 991 1528 mise·

62 1543 125 1596 nt·
160 1544 201 1598 lta
220 1545 278 1598 sive
297 1561 370 1615 casu,
384 1546 441 1600 sive
461 1493 570 1599 oonsilio
582 1544 701 1598 'deorum
708 1544 908 1614 immortalium,
919 1561 991 1614 quae

62 1627 127 1692 pars
139 1613 256 1668 civitatis
267 1614 409 1668 Helvetiae
420 1615 553 1683 insignem
565 1615 750 1668 calamitatem
762 1614 859 1684 populo
870 1614 992 1667 Romano

62 1681 199 1753 tntnlerat,
213 1699 246 1736 ea
257 1683 381 1754 princeps
392 1701 494 1754 poenas
504 1683 640 1754 persolvit.
676 1682 736 1742 Qua
747 1684 775 1736 in
786 1700 815 1736 re
827 1684 925 1737 Caesar
936 1699 991 1736 non

63 1752 152 1808 solum
161 1751 292 1822 publicas,
300 1753 349 1806 sed
358 1754 441 1807 etiam
454 1754 571 1824 privatas
583 1752 695 1823 iujurias
705 1752 778 1806 ultus
790 1761 838 1822 est,
845 1752 917 1832 quod
930 1750 993 1821 ejus

62 1822 149 1876 moeri
161 1823 192 1875 L.
205 1822 318 1876 Pisonis⁵
328 1839 418 1893 arum,
432 1823 463 1876 L.
476 1823 602 1877 Pisonem
619 1822 747 1891 legatum,
760 1821 879 1890 Tigurini
891 1818 990 1873 eodem
1068 1856 1071 1863 -

62 1890 238 2012 proeliohquc
251 1890 374 1944 Cassium
386 1891 583 1945 interfecerant.

101 1964 141 2015 ta.
186 1976 218 2013 oe
236 1959 338 2028 proelio
355 1959 426 2014 fecto
444 1961 561 2030 reliquas
577 1976 611 2013 co
629 1959 669 2013 ias
684 1958 869 2012 Helvetiorum
884 1965 914 2010 ut
926 1974 990 2010 eon·
1025 1991 1028 1995 .

63 2028 141 2098 sequi
152 2036 251 2098 posset,
261 2036 371 2108 pontem
383 2029 410 2083 in
419 2032 503 2083 Arare
515 1976 671 2082 facientium
683 2035 759 2082 curat
771 2037 853 2098 atque
865 2028 902 2082 ita
912 2044 988 2081 exer·

62 2097 148 2151 citum
167 2096 290 2151 traducit.
326 2098 445 2152 Helvetii
467 2098 605 2168 repentino
628 2097 688 2168 ejus
710 2097 829 2151 adventu
851 2097 988 2166 commoti,

62 2183 129 2220 eum
140 2165 175 2236 id,
188 2166 260 2236 quod
271 2165 323 2236 ipsi
334 2166 431 2222 diebus
442 2185 488 2222 xx.
497 2167 647 2237 aegerrime
659 2167 837 2237 confecerant,
847 2176 877 2221 ut
885 2167 988 2220 flumen

62 2235 213 2306 transirent,
226 2235 305 2290 illum
321 2253 375 2290 uno
392 2236 438 2290 die
449 2236 548 2290 fecisse
560 2236 748 2307 intelligerent,
761 2236 865 2306 legatos
875 2236 909 2290 ad
923 2253 988 2291 eom

90 2421 166 2471 ¹'1'he
176 2420 241 2471 river
249 2422 314 2471 Arar
324 2421 345 2470 is
356 2422 399 2470 the
408 2421 510 2472 modom
519 2421 608 2480 Saone,
618 2423 700 2472 which
708 2422 778 2472 flows
788 2422 839 2475 into
846 2423 890 2472 the
898 2422 987 2472 Rhene

61 2489 87 2530 nt
103 2480 196 2543 Lyons.
226 2481 251 2530 It
266 2481 369 2539 formed,
387 2490 413 2530 to
428 2497 444 2530 a
458 2481 625 2550 considerable
640 2492 735 2540 extent,
748 2482 790 2531 the
805 2483 933 2552 boundnry
943 2483 987 2530 be-

61 2541 206 2663 pnrreeglrirntghe¹
214 2540 393 2662 ffiffppriypnd
409 2539 501 2599 Aedui,
518 2542 620 2591 whence
631 2544 697 2605 fisse
714 2541 773 2591 here
790 2541 836 2591 has
851 2551 884 2590 ns
899 2556 987 2602 propes

89 2672 153 2727 'De
166 2672 240 2721 when
252 2672 337 2733 joined
351 2671 413 2722 with
428 2668 510 2722 woids
525 2672 669 2735 expressing
682 2673 752 2732 time,
769 2671 887 2722 indicates
903 2671 956 2721 that
971 2688 988 2722 a

60 2739 115 2791 psrt
125 2731 154 2779 of
160 2731 213 2779 that
224 2731 284 2780 time
294 2732 316 2780 is
327 2741 399 2792 spent
410 2732 483 2794 along
489 2732 550 2781 with
560 2733 603 2782 the
613 2733 673 2781 time
682 2732 764 2782 which
774 2732 878 2781 follows.
900 2731 987 2780 Hence

62 2788 215 2840 Caesarhere
225 2800 263 2838 set
273 2799 317 2839 out
328 2790 410 2841 before
421 2791 464 2840 the
474 2791 539 2841 tlird
547 2791 628 2840 warch
639 2807 690 2840 was
701 2801 726 2840 at
737 2807 768 2840 an
778 2790 834 2839 end.
866 2790 922 2839 The
934 2789 984 2838 Ro·

59 2863 132 2898 msns
143 2847 240 2897 dirided
250 2849 315 2898 their
323 2849 407 2910 nights
418 2850 470 2900 into
480 2850 535 2900 four
544 2852 651 2914 vigiliae,
662 2849 744 2900 which
754 2849 856 2898 differed
866 2850 892 2898 in
900 2847 986 2910 length

60 2907 191 2970 according
200 2916 226 2957 tc
237 2907 279 2956 the
290 2924 379 2958 seascn
388 2908 416 2958 of
423 2910 465 2958 the
475 2925 541 2972 year.

90 2979 148 3031 ⁸He
158 2980 207 3031 had
217 2981 315 3042 pitehed
325 2981 364 3031 his
375 2981 562 3043 head-quartem
573 2983 599 3032 in
608 2981 650 3032 the
660 2981 774 3043 territory
785 2980 813 3030 of
824 2981 867 3031 the
883 2979 984 3045 Segusi-

59 3041 109 3098 ani‚
122 3043 237 3090 between
247 3041 288 3090 the
300 3041 388 3090 Rhene
400 3042 447 3091 and
458 3042 500 3091 the
511 3042 599 3094 Saone.
631 3042 679 3090 See
690 3041 760 3102 chnp.
772 3045 809 3099 10,
822 3041 848 3090 in
857 3040 900 3090 fin.

89 3114 156 3164 ‘See
167 3114 236 3175 elaap.
248 3118 271 3165 7.

90 3185 201 3246 ‘Cassan
215 3189 240 3237 in
251 3204 274 3238 e.
283 3202 304 3236 c.
316 3191 355 3246 59,
369 3187 417 3238 had
432 3187 537 3237 married
553 3185 694 3247 Calpurnia,
707 3187 749 3236 the
759 3187 880 3250 daughter
893 3185 922 3236 of
933 3186 984 3237 La-

46 3302 858 3369 ...
