2146 3704
416 134 430 138 -›
491 117 584 158 ureae
603 118 641 158 rr.
975 104 1031 165 151

107 225 149 281 cui
164 239 251 280 causa
267 224 303 296 ad
321 216 386 280 eum
403 224 505 296 legatos
517 227 632 298 mittunt,
645 225 692 297 qui
709 225 825 282 doceant
835 243 924 298 neque
935 246 972 286 ex
981 248 1033 286 sua

65 325 79 364 χ
106 295 215 350 civitate
227 295 328 350 auxilia
340 296 369 350 in
378 296 502 350 Treviros
516 297 607 366 missa,
621 313 710 367 neque
721 296 758 350 ab
769 313 799 350 se
810 297 895 351 fidem
912 298 1031 356 laesam:

105 369 201 438 petum
222 373 306 446 atque
324 373 407 435 orant,
427 375 457 420 ut
477 366 528 420 sibi
547 374 650 436 parcat,
667 382 703 420 ne
722 366 861 422 communi
880 367 949 421 odio¹
966 372 1033 425 Ger·

104 440 247 489 manorum
264 443 421 490 innocentes
455 446 482 488 ro
500 436 658 490 nocentibus
670 453 772 508 poenas
787 437 921 517 pendant:
940 439 963 492 si
975 457 1033 495 am·

104 505 184 576 plius¹
201 505 412 575 obsidumvelit‚
444 522 491 559 are
508 505 675 575 pollicentur.
711 507 823 574 Cognita
834 507 933 561 Caesar
950 526 1034 565 causa

103 574 260 645 reperit,›·ab
271 575 368 630 Suavis
378 575 478 628 auxilia
494 577 580 629 missa
591 591 660 646 esse,
673 576 804 630 Ubiorum
822 576 1033 635 satisfactionem

103 645 219 715 accepit,
231 645 321 706 aditus
332 645 442 714 viasque
455 645 481 699 in
494 645 597 699 Suevos
607 645 745 716 perquirit.

108 739 112 751 -·
140 715 311 778 102=lnterim
328 715 423 784 paucis
439 722 499 784 post
511 714 609 770 diebus
625 716 655 770 fit
673 715 709 770 ab
720 715 799 770 Ubiis
814 717 917 789 certior,
931 719 1033 774 Suevos

78 788 86 791 ’
103 789 205 838 omnes
219 787 352 838 nnumin
372 784 462 838 locum
474 784 575 854 -copias
596 801 694 857 cogere
716 794 799 855 atque
818 786 853 840 iis
870 789 1031 861 nationibus,

103 868 175 923 quac
187 854 238 908 sub
250 870 343 908 eorum
356 854 408 907 sint
419 855 539 925 imperio,
548 855 720 925 denunciare,
732 857 772 910 uti
778 856 886 910 'auxilia
896 859 1033 929 peditatus

104 923 295 994 equitatusque
313 924 430 978 mittant.
466 925 514 977 His
526 926 639 993 cognitis
658 925 746 996 rebus,
760 942 818 979 rem
829 926 1033 983 frumentariam

102 993 232 1063 providet,
256 994 351 1048 castris
374 994 502 1048 idoneum
524 994 616 1050 locum
638 993 739 1063 deligit,
759 995 837 1050 Ubiis
859 997 982 1069 imperat,
1002 1007 1033 1052 ut

102 1069 201 1133 peoora
219 1062 354 1117 deducant
371 1081 474 1133 suaque
492 1065 582 1118 omnia
594 1081 629 1119 ex
639 1066 711 1134 egris
727 1065 755 1119 iu
772 1065 870 1137 oppida
885 1067 1030 1139 conferant,

103 1147 215 1202 sperans
227 1132 353 1187 barbaros
370 1141 452 1203 atque
469 1134 606 1204 imperitos
624 1135 755 1206 homines,
768 1135 857 1207 inopia
869 1137 1031 1193 cibariorum

102 1201 241 1273 adductos,
261 1204 296 1257 ad
317 1204 437 1272 iniquam
456 1204 593 1272 pugnandi
613 1204 795 1258 conditionem
816 1222 894 1274 posse
913 1206 1029 1263 deduci:

102 1271 222 1342 mandet,
238 1280 268 1326 ut
286 1272 394 1327 crebros
411 1273 591 1342 exploratores
608 1273 636 1331 in
652 1275 754 1327 Suevos
771 1275 885 1344 mittant,
905 1292 1031 1346 quaeque

102 1342 175 1412 apud
204 1358 252 1394 eos
278 1351 411 1412 gerantur,
436 1351 606 1410 cognoscant.
653 1342 695 1396 Illi
721 1343 853 1411 imperata
877 1344 980 1398 faciunt
1003 1354 1031 1400 et

102 1411 196 1482 paucis
204 1411 304 1466 diebus
316 1412 476 1465 intermissis
488 1411 613 1482 referunt,
623 1411 725 1465 Suevos
737 1428 839 1482 omnes,
853 1422 1031 1485 posteaquam

102 1482 230 1535 certiores
248 1483 338 1535 nuncii
350 1481 385 1535 de
398 1482 517 1535 exercitu
529 1482 709 1535 Romanorum
721 1482 927 1553 venerint,.cum
945 1486 1030 1539 omni·

101 1549 154 1605 bus
167 1553 227 1605 suis
245 1553 432 1622 sociorumque
450 1553 540 1623 copiis,
554 1569 622 1620 quas
640 1551 798 1621 coegissent,
812 1554 928 1620 penitus⁸
937 1555 972 1607 ad
985 1571 1030 1608 ex·

102 1626 203 1675 tremos
219 1622 288 1675 fines
305 1639 366 1675 sese
378 1623 529 1690 recepisse:
550 1621 645 1676 silvam
657 1638 718 1674 esse
730 1621 767 1675 ibi
780 1621 883 1675 infinita
895 1624 1030 1692 magnitu-

102 1689 172 1761 dine,
186 1707 257 1761 quae
269 1691 420 1762 appellatur
431 1691 565 1761 Bacenis,⁴
575 1691 645 1746 hanc
657 1692 736 1761 longe
748 1692 875 1746 introrsus
886 1695 1028 1766 pertinere,

102 1768 128 1813 et
145 1778 193 1832 pro
211 1761 310 1814 nativo⁰
327 1778 403 1815 muro
421 1761 564 1832 objectam,
578 1762 728 1816 Cheruscos
744 1760 780 1815 ab
798 1761 899 1832 Suevis,
917 1763 1029 1818 Suevos·

101 1846 155 1900 que
177 1829 214 1884 ab
236 1831 385 1902 Cheruscis,
408 1832 510 1903 injuriis
533 1831 786 1902 incursionibusque
807 1832 974 1902 prohiberez⁶
993 1834 1029 1888 ad

101 1900 160 1970 ejus
179 1900 284 1954 initium
306 1901 389 1954 silvae
402 1902 505 1956 Suevos
520 1903 667 1957 adrentum
679 1903 860 1957 Romanorum
872 1913 1028 1975 exspectare

101 1971 281 2024 constituisse.
491 2006 495 2013 -

137 2047 179 2095 11.
198 2040 330 2099 Quoniam
349 2041 383 2093 ad
401 2039 473 2094 hunc
490 2040 579 2094 lucum
598 2049 759 2110 perventum
777 2051 826 2111 est,
839 2059 893 2097 non
909 2042 1028 2097 alienum

101 2124 161 2165 esse
182 2110 288 2165 videtur
307 2110 342 2162 de
363 2110 466 2163 Galliae
485 2112 699 2179 Germaniaeque
717 2111 837 2164 moribus
855 2121 883 2164 et
903 2129 956 2180 quc
976 2114 1028 2166 dis·

99 2179 186 2234 ierant
209 2181 261 2233 hae
284 2181 405 2233 nationes
429 2180 497 2233 inter
520 2197 588 2249 sese,
613 2194 768 2249 proponere.
811 2181 842 2233 In
865 2181 953 2234 Gallia
974 2199 1026 2236 non

99 2310 139 2414 ,dl
149 2307 273 2356 Communi
279 2310 345 2365 odim
358 2308 400 2356 the
412 2307 516 2356 ablativo
526 2307 583 2354 here
595 2307 615 2354 is
626 2306 766 2366 equivalent
775 2316 902 2368 topropter
911 2324 1029 2356 commuue

129 2384 186 2414 rum.

128 2440 259 2546 ’Amplius
271 2440 292 2489 is
306 2440 371 2489 ‘still
382 2456 448 2488 ruore
456 2440 473 2497 ;’
487 2438 580 2497 thetis,
594 2444 685 2496 ‘more
698 2438 723 2487 in
733 2437 841 2487 addition
851 2447 877 2486 to
889 2438 959 2487 those
970 2439 1027 2488 who

99 2513 165 2548 were
176 2515 191 2547 a
201 2499 276 2560 ready
286 2500 347 2548 with
360 2500 468 2548 Caesar!

128 2572 262 2631 'Peditum
274 2574 336 2633 deep
347 2574 399 2623 into
409 2573 451 2622 the
462 2572 600 2621 interiores
612 2573 654 2621 the
665 2580 776 2632 country.

127 2645 211 2694 ‘This
223 2646 305 2695 clause
317 2647 337 2694 is
349 2662 381 2696 no
392 2658 444 2706 part
456 2646 483 2694 os
495 2647 536 2694 the
548 2645 667 2706 reportes
679 2645 721 2695 the
733 2645 800 2703 Ubii,
813 2647 857 2696 but
868 2662 883 2694 a
893 2655 1027 2696 statement

99 2703 128 2752 of
147 2705 241 2754 Caesar
258 2706 360 2754 himself
365 2722 371 2763 ;
394 2707 470 2754 hence
492 2706 534 2754 the
553 2706 682 2755 indicative
701 2709 844 2768 appellatur.
876 2706 932 2755 The
950 2707 1026 2756 forest

99 2763 205 2814 Bacenis
216 2765 237 2814 is
248 2766 388 2826 commonly
398 2766 509 2814 believed
520 2775 545 2813 to
556 2766 618 2813 have
629 2768 693 2814 been
703 2782 718 2814 a
728 2776 781 2826 part
793 2766 821 2814 of
832 2767 875 2815 the
886 2767 1027 2827 Hercyniuu

100 2823 184 2882 forest,
198 2825 245 2874 and
256 2825 389 2885 especially
399 2825 451 2873 that
467 2835 520 2884 part
531 2824 612 2873 which
628 2826 649 2874 is
665 2841 721 2874 now
732 2825 810 2874 called
827 2827 869 2874 the
885 2826 1026 2886 Thiiringer

101 2881 255 3006 W:ildericus
266 2958 287 3006 is
298 2958 364 3006 what
376 2975 413 3007 we
425 2959 471 3007 call
484 2958 612 3015 ‘natural‚'
625 2975 652 3006 or
665 2959 750 3007 ‘made
762 2960 795 3019 by
806 2967 891 3006 nature
902 2957 1008 3007 herself)

130 3030 274 3080 “Prohibere
288 3032 333 3079 has
352 3031 409 3079 here
426 3048 441 3081 a
456 3031 556 3081 twofold
572 3032 699 3092 meaning;
717 3033 823 3092 nemely,
839 3036 878 3078 ‘to
892 3033 1023 3091 separate,'

102 3090 148 3139 and
162 3095 202 3138 ‘to
213 3100 313 3150 prevent
325 3089 404 3138 from)
437 3092 465 3139 In
482 3092 524 3139 the
540 3091 592 3140 first
604 3107 684 3148 sense,
698 3092 715 3138 it
727 3102 793 3140 must
805 3094 835 3140 be
847 3092 920 3139 taken
931 3091 956 3139 in
967 3108 1024 3141 cona

102 3150 198 3198 necticn
210 3149 270 3197 with
282 3149 408 3198 Cheruscos
420 3169 434 3197 a
446 3151 542 3207 Saeuis,
554 3151 690 3212 Sueuoaque
699 3153 727 3199 cb
741 3152 878 3210 Cheruscis3
891 3151 1030 3200 andintbe

99 3219 177 3266 ratter,
191 3209 216 3256 in
227 3210 372 3258 connection
384 3211 445 3260 with
456 3213 560 3274 injuriis
573 3213 814 3275 {incursionibusque
