2146 3704
62 226 105 288 U
365 246 408 289 ne
428 243 532 288 senne
547 246 687 292 osumco.

64 362 122 410 erat
138 354 316 426 magnonem
333 367 377 410 res
394 342 553 428 praeparata
566 372 586 409 a
603 356 706 438 nostris,
719 354 806 410 falces
817 338 987 429 praeacutae,

63 426 180 480 insertae
198 425 358 495 adfixaeque
376 425 511 496 longuriis,
531 442 584 478 non
606 425 724 478 absimili
740 424 828 479 forma
844 426 990 480 muralium

63 493 193 549 falcium.¹
210 495 261 549 His
271 511 335 548 cum
347 493 433 567 funes,
443 496 490 565 qui
501 503 643 549 antemnas
654 495 689 548 cd
701 493 788 548 malos
799 495 990 568 destinabant,¹

63 565 251 635 comprehensi
272 564 436 636 adductique
454 573 537 636 erant,
557 564 662 633 navigio
686 566 768 617 remis
785 564 895 618 incitato
914 582 990 635 prae·

63 635 262 706 rumpebantur.
288 633 402 692 ¹Quibus
419 635 535 688 abscisis
545 643 691 688 antemnae
701 633 854 687 necessario
865 635 990 690 concide·

62 703 136 776 bant,
149 714 187 774 nt,
200 722 266 758 cum
277 704 364 757 omnis
375 704 486 758 Gallicis
503 704 619 758 navibus
636 720 700 774 spes
711 703 740 756 in
751 704 820 758 velis
837 720 990 759 armamen-
1037 735 1040 740 ·

62 774 150 843 tisque
162 773 328 843 consisteret,
342 772 385 828 his
396 775 496 844 ereptis
507 774 595 828 omnis
606 771 794 829 uenenarium
801 789 855 827 uno
867 781 989 846 tempore

62 844 218 914 eriperetur.
253 843 312 897 Reli
333 860 399 897 uum
416 851 474 896 erat
491 851 631 896 certamen
648 842 922 914 posituruinvirtute‚
935 860 990 915 qun
1053 902 1054 907 Ἰ

61 914 143 967 nostri
155 912 255 966 milites
272 859 353 966 tecle
372 912 543 983 superabant,
553 920 637 982 atque
650 929 682 966 eo
693 912 789 982 magis,
802 911 874 981 quod
885 913 915 967 in
925 929 989 968 con·

60 990 157 1051 spectu
168 981 291 1035 Caesaris
308 989 389 1052 etque
407 982 495 1036 omnis
513 983 649 1036 exercitus
666 999 709 1035 res
725 981 875 1052 gerebatur,
888 989 918 1035 ut
929 983 988 1038 nul·

60 1049 118 1121 lum
129 1051 209 1121 paulo
221 1051 315 1104 lortius
325 1050 429 1104 lactum
440 1051 525 1105 latere
537 1059 628 1122 posset
635 1067 645 1122 3
661 1066 756 1105 omnes
768 1051 840 1104 enirn
852 1051 937 1105 colles
953 1069 988 1107 ao

59 1118 120 1174 loca
138 1121 281 1191 superiora,
294 1120 367 1175 uude
385 1129 442 1175 erat
460 1122 624 1192 propinquus
642 1120 788 1192 despectus
804 1120 832 1174 in
848 1136 934 1193 mare,
950 1120 987 1177 eb

59 1191 181 1244 exercitu
193 1190 361 1244 tenebantur.

61 1284 63 1290 ·
97 1264 137 1313 15.
157 1259 285 1330 Disjectis
295 1268 324 1313 ut
336 1258 456 1313 diximus
472 1259 615 1330 antemnis,
634 1275 699 1312 cum
716 1258 836 1328 singmlas
852 1258 936 1313 binae
951 1275 987 1315 ao

57 1335 151 1383 ternae
163 1347 248 1383 nares
262 1329 501 1400 circumsteterant,
514 1328 617 1383 milites
635 1344 743 1382 summa
755 1329 783 1382 vi
795 1328 986 1384 transcendere

57 1397 85 1453 in
97 1398 216 1454 hostium
227 1416 313 1453 naves
325 1398 532 1453 contendebant.
568 1397 644 1459 Quod
657 1409 801 1469 postquem
807 1397 916 1452 barbari
926 1398 986 1454 lieri

56 1469 312 1542 animadverterunt,
326 1468 680 1540 expugnatiscompluribns
694 1467 816 1538 naribus,
829 1483 895 1521 curn
907 1468 933 1521 ei
945 1468 986 1523 rei
1006 1480 1009 1486 ·

56 1538 162 1594 nullum
179 1539 340 1610 reperiretur
357 1538 495 1610 auxilium,
512 1538 578 1608 luga
595 1537 712 1592 salutem
728 1545 821 1619 petere
839 1537 985 1592 contende·

56 1617 116 1662 runt
125 1625 133 1679 ;
150 1626 184 1662 ac
200 1609 259 1679 jam
276 1607 413 1663 conversis
430 1608 458 1662 in
475 1625 539 1662 eam
552 1606 800 1679 -partem'nerrbus,
812 1607 875 1687 quo⁸
886 1614 985 1662 ventus
1057 1620 1062 1630 ‘

55 1675 169 1748 ferebat,
182 1687 257 1733 tanta
269 1679 357 1733 subito
368 1677 486 1732 malacia
497 1695 530 1732 ac
543 1676 730 1748 tranquillitas‘
740 1677 850 1746 exstitit,
863 1684 893 1729 nt
902 1692 936 1731 se
948 1688 985 1734 ex

55 1744 115 1800 loco
127 1764 299 1802 commovere
310 1764 363 1802 non
375 1756 492 1818 possent.
528 1747 605 1808 Quae
616 1746 726 1818 quidem
738 1762 783 1799 res
797 1745 833 1800 nd
843 1747 984 1816 negotium

55 1817 252 1872 conficiendum
275 1818 395 1872 maxime
419 1816 471 1872 luit
493 1824 655 1888 opportuna;
678 1825 744 1871 uam
761 1815 882 1886 singulas
899 1816 983 1883 nostri

54 1888 203 1943 consectati
215 1904 286 1958 expu
324 1891 444 1956 everunt,
458 1894 488 1941 nt
499 1902 651 1958 perpaucae
664 1902 700 1939 ex
710 1885 785 1939 omni
795 1901 908 1939 numero
919 1902 982 1941 noc·

55 1952 91 2006 tis
101 1953 255 2008 interventu
267 1972 284 2008 a
315 1963 416 2011 terram
427 1956 605 2027 pervenerint,
615 1971 680 2009 cnm
691 1954 870 2010 ab'hor‘aiere
878 1955 984 2026 qunrta⁸

53 2037 140 2092 usqne
152 2022 188 2076 ad
200 2023 264 2077 solis
276 2039 403 2078 occasum
415 2033 588 2094 pugnaretur.
835 2050 837 2054 ⁸
874 2076 877 2079 .
908 2032 911 2039 '
929 2034 932 2039 '

88 2098 132 2147 16.
151 2092 211 2152 Quo
228 2094 329 2163 proelio
346 2092 451 2148 bellum
469 2094 634 2149 Venetorum
657 2093 793 2164 totiusque
813 2109 876 2146 orac
899 2094 981 2148 mari·

53 2159 136 2215 timae
148 2161 304 2216 conlectum
312 2170 362 2216 eet.
386 2163 460 2218 Nam
469 2180 533 2219 cunr
541 2165 629 2218 omnis
640 2163 774 2234 juventus,
788 2179 884 2217 omnes
896 2164 982 2220 etiem

51 2231 182 2300 gravioris
193 2233 297 2303 aetatis,
311 2231 452 2303 inquibus
466 2233 567 2304 aliquid
580 2232 683 2288 consilii
699 2241 753 2288 ant.
764 2231 904 2302 dignitatis
921 2232 980 2304 luit,

52 2315 86 2352 eo
103 2310 292 2373 convenerant,
312 2311 371 2356 tum
388 2303 497 2357 navium
517 2303 590 2372 qnod
613 2303 714 2383 ubique
731 2302 828 2372 luerat,
847 2303 875 2356 in
896 2319 981 2363 unum

51 2367 144 2425 locum
156 2380 316 2442 coegerant;
335 2372 435 2443 quibus
451 2373 563 2426 emissis
580 2373 628 2425 reli
648 2390 676 2426 ur
694 2388 855 2442 nequequo
869 2389 900 2426 se
915 2370 981 2427 reci-

50 2448 154 2563 perent,
169 2458 259 2511 neque
271 2441 505 2512 quemadmodum
522 2441 621 2512 oppida
630 2391 816 2511 defenderent,
829 2439 980 2497 habebant.

66 2519 147 2581 taque
160 2528 189 2564 se
203 2528 307 2582 suaque
320 2513 411 2566 omnia
423 2511 531 2577 Caesari
544 2510 714 2566 dediderunt.
750 2511 782 2565 In
792 2526 861 2581 quos
872 2527 907 2564 ec
922 2527 980 2581 gre·

78 2692 210 2761 'Marcios
219 2697 299 2756 falces
309 2712 375 2745 were
387 2697 440 2745 iron
449 2694 529 2745 hcoks
540 2695 652 2745 sastened
662 2705 688 2744 to
699 2694 707 2744 l
767 2693 844 2755 poles,
855 2665 981 2755 bymeans

49 2748 79 2797 of
90 2751 173 2800 which
188 2754 231 2801 the
247 2755 317 2802 walls
333 2755 362 2803 of
374 2771 390 2803 s
404 2755 521 2816 besieged
539 2764 608 2804 town
622 2770 688 2804 were
704 2769 720 2815 p
757 2754 789 2804 ed
803 2753 888 2812 donni
898 2769 927 2804 cr
937 2753 981 2805 the

50 2807 178 2858 delenders
190 2811 218 2858 os
230 2828 245 2859 n
253 2813 310 2861 wall
321 2813 428 2874 dragged
439 2814 520 2862 down.

54 2934 57 2941 .
78 2881 227 2948 'Destinore
236 2898 295 2949 here
305 2892 351 2951 hes
362 2901 394 2950 its
404 2901 527 2961 primitive
537 2902 661 2966 meaning,
674 2908 715 2952 ‘to
725 2903 805 2968 fasten
814 2903 858 2953 to.’
938 2971 940 2977 Ι

78 2983 446 3050 'Qucithatis‚irrqucm.‚
512 3025 514 3029 ψ
734 2991 735 2995 ’
856 2983 857 2987 ¹
956 2974 973 2980 Α.

78 3077 88 3106 ⁴
97 3074 154 3124 The
164 3083 215 3123 two
227 3074 307 3124 words
317 3079 417 3126 malacia
427 3077 474 3126 and
485 3043 653 3140 tranquillitas
663 3045 762 3139 explain
769 3046 830 3128 ench
841 3050 927 3138 ctlrert
938 3078 981 3129 tlre

49 3133 139 3184 former
150 3134 201 3192 (the
214 3134 298 3184 Greek
308 3139 411 3195 pataria)
428 3137 502 3199 being
515 3143 544 3187 ‘a
553 3138 637 3196 cslm,'
650 3138 699 3188 and
713 3137 757 3187 the
773 3138 846 3189 letter
856 3138 900 3188 the
916 3138 979 3188 still·

49 3209 108 3246 ness
119 3195 254 3256 prevailing
264 3194 354 3255 during
363 3210 379 3243 a
388 3195 460 3244 calm.

79 3282 164 3331 ”rua
176 3283 206 3341 is,
219 3284 281 3333 lrom
291 3285 366 3334 about
376 3295 420 3334 ten
430 3283 527 3334 o'clock
537 3285 563 3334 in
574 3285 615 3334 the
625 3284 747 3349 morning.
