2146 3704
456 117 548 157 mnan
567 117 619 157 vir.
940 99 997 160 tre

75 225 144 300 qued
161 224 259 279 intrare
276 224 345 279 iutra
356 223 491 296 praesidia
503 224 682 294 periculosum
701 226 819 296 putebat,
839 225 868 281 iu
885 224 996 280 llelvios

90 295 259 359 roficiscitur:
287 295 338 348 etsi
360 311 438 348 mons
461 295 604 364 Cevenna,¹
642 294 670 348 ui
689 297 823 349 Arvernos
841 295 878 349 ab
893 295 996 350 Helviis

71 311 207 435 Eiscludit,
227 363 504 434 durissimotempore
522 364 593 434 anni,
640 364 743 418 tissima
761 365 824 419 nive
843 365 894 417 iter
910 365 995 435 impe·

71 435 182 489 diabat:
198 443 289 487 tamen
306 433 427 487 discussa
437 435 501 487 nive
513 449 562 486 sex
573 433 601 487 in
612 433 783 488 altitudinem
799 432 901 504 pedum
914 443 995 503 atque

70 505 108 558 ita
125 503 180 558 :viis
198 503 352 573 patefactis,
373 519 479 556 summo
501 502 618 556 militum
640 502 731 556 labore
751 504 787 557 ad
810 503 879 557 fines
897 505 996 556 Arver-

70 589 166 645 norum
177 573 320 642 pervenit„
344 573 448 632 Quibus
459 572 592 651 oppressis
604 573 808 643 inopinantibus,
821 571 893 642 quod
905 588 935 625 se
947 571 995 625 Ce-

53 674 54 677 =
70 657 161 697 renna
172 651 203 694 ut
213 658 289 704 muro
301 643 418 696 munitos
430 642 625 713 existimabant,
638 659 671 695 ac
689 660 723 696 ne
742 642 869 712 singulari
884 641 997 711 quidem

69 711 332 783 umquamhomini²
349 728 381 764 eo
401 719 521 781 tempore
539 712 612 765 ‘anui⁴
623 713 736 766 semitae
753 720 901 783 patuerant,
921 711 996 780 equi·

70 783 143 836 tibus
161 782 282 851 imperat,
301 789 331 834 ut
348 798 431 851 quam
448 781 584 834 latissime
596 782 704 852 possint,
721 790 851 852 vagentur
869 789 896 834 et
913 796 996 850 quam

69 852 223 906 maximum
241 850 363 904 hostibus
382 854 509 903 terrorem
528 850 652 905 inferant.
688 852 816 906 Celeriter
834 851 903 905 baec
922 851 997 904 laura

70 920 226 975 ac-unnciis
245 919 280 973 ad
299 920 543 988 Vercingetorigem
560 921 743 990 perferuntur:
764 938 848 992 quem
865 919 996 991 perterriti

70 991 291 1045 omnesArvemi
310 989 508 1043 circumsistunt
519 998 600 1059 atque
612 990 760 1060 obsecrant,
773 1000 804 1044 ut
817 991 873 1043 suis
885 990 996 1043 fortuma

70 1059 200 1129 consulat,
213 1075 267 1112 neu
280 1075 309 1112 se
321 1059 356 1112 ab
368 1059 489 1112 hostibus
500 1059 578 1130 diripi
593 1060 709 1129 patiatur
715 1076 726 1128 3⁴
741 1060 899 1129 praesertIm
910 1075 996 1128 quum

69 1130 163 1183 videat
174 1145 254 1181 omne
265 1128 301 1182 ad
314 1145 343 1181 se
354 1129 457 1183 bellurn
470 1130 636 1182 translatum.
672 1129 792 1188 Quorum
810 1127 856 1181 ille
871 1128 996 1198 precibus

69 1206 214 1269 permotus,
228 1208 315 1251 castra
327 1215 362 1251 ex
373 1198 537 1266 Biturigibus
548 1206 639 1252 movet
650 1200 677 1251 iu
690 1201 823 1252 Arvernos
835 1214 938 1252 versus.

105 1274 130 1321 9.
156 1269 192 1320 At
211 1268 316 1336 Caesar,
329 1267 444 1321 biduum
461 1268 488 1320 iu
506 1268 538 1319 iis
557 1267 623 1320 locis
642 1276 767 1336 moratus,
785 1266 856 1336 quod
874 1267 943 1320 haec
959 1267 995 1320 de

68 1334 285 1405 Vercingetorige
309 1353 361 1389 usu
379 1337 500 1389 ventura³
519 1336 642 1405 opinione
665 1344 846 1404 praeceperat,
903 1352 914 1387 r
933 1351 994 1387 cau·

68 1405 128 1477 sam
141 1405 330 1483 supplementi⁴
342 1405 530 1474 equitatusque
549 1403 662 1472 cogendi
680 1404 715 1457 ab
733 1404 852 1458 exercitu
883 1402 994 1473 iscedit3

65 1474 182 1530 ⁴Brutum
199 1475 400 1527 adolescentem
418 1474 451 1526 iis
468 1473 553 1542 copiis
571 1472 705 1542 praeficit,
724 1472 796 1526 hunc
808 1480 907 1543 monet,
919 1480 950 1526 ut
968 1472 995 1526 in

67 1543 163 1602 ornnes
170 1552 261 1615 partes
268 1544 372 1613 equites
384 1560 466 1613 quam
478 1542 606 1595 latissime
618 1551 810 1610 pervagentur:
828 1541 953 1595 datumm
965 1559 995 1595 se

68 1629 187 1685 operam,
208 1612 243 1666 ne
266 1613 371 1682 longius
393 1613 479 1665 triduo
503 1611 538 1665 ab
557 1611 652 1664 castris
663 1611 741 1665 absit.
777 1612 826 1664 His
846 1612 995 1664 constitutis

69 1683 158 1753 rebus,
180 1683 237 1735 suis
262 1681 466 1752 inopinantibus,
482 1698 565 1750 quam
588 1681 713 1733 maximis
736 1689 824 1750 potest
846 1680 993 1751 itineribus,

68 1751 212 1806 Viennam⁵
230 1751 359 1820 pervenit.
403 1751 444 1814 lbi
462 1759 557 1803 nactus
577 1759 714 1804 recentem
734 1750 890 1820 equitatum,
911 1766 994 1819 quem

68 1822 161 1875 multis
178 1830 240 1874 ante
258 1820 354 1874 diebus
371 1836 403 1872 eo
421 1820 603 1890 praemiserat,
616 1836 704 1888 neque
722 1819 815 1872 diurno
832 1836 920 1888 neque
932 1836 994 1872 noc·

69 1892 146 1944 turno
171 1891 265 1944 itinere
290 1890 447 1960 intermisse,
468 1907 517 1959 per
538 1889 607 1942 fines
629 1889 786 1943 Aeduomm
809 1889 837 1942 in
861 1889 994 1958 Lingones

68 1961 213 2029 contendit,
227 1959 274 2013 ubi
287 1959 357 2012 duae
373 1959 492 2027 legiones
508 1958 672 2029 hiemabant,
685 1968 721 2029 ut,
736 1959 758 2012 si
776 1958 840 2028 quid
858 1960 941 2012 etiam
958 1958 993 2011 de

68 2045 118 2082 sua
130 2030 228 2082 salute⁰
239 2028 274 2081 ab
287 2028 390 2081 Aeduis
408 2029 517 2080 iniretur
528 2029 639 2098 consilii,
653 2029 790 2082 celeritate
803 2036 992 2099 praecurreret.

69 2099 109 2152 Eo
129 2116 214 2168 quum
234 2098 407 2168 pervenisset,
429 2098 464 2149 ad
484 2097 601 2165 reliquas
621 2097 740 2165 legiones
759 2098 849 2168 mittit,
866 2099 993 2167 priusque

68 2183 163 2221 omnes
175 2168 202 2220 in
214 2185 300 2221 unum
313 2166 401 2219 locum
415 2165 491 2234 cogit,
505 2182 588 2234 quam
605 2164 640 2217 de
659 2165 718 2234 ejus
736 2166 854 2219 adventu
866 2167 993 2220 Arvernis

68 2237 190 2291 nunciati
211 2246 309 2306 posset.
357 2236 415 2288 Hac
435 2251 463 2286 re
488 2235 600 2302 cognita,
622 2233 822 2303 Vercingetorix
845 2251 935 2288 rursus
965 2235 993 2287 iu

98 2339 106 2366 ¹
118 2337 226 2385 Cebenna
237 2337 258 2384 is
269 2337 311 2384 the
323 2351 396 2395 range
408 2335 436 2382 of
447 2335 585 2382 mountains
596 2349 653 2381 now
663 2334 741 2382 called
751 2335 793 2382 the
805 2336 939 2385 Sesamos.

97 2410 246 2472 ’Singulari
256 2411 344 2458 homini
354 2409 410 2456 here
422 2408 443 2455 is
454 2408 496 2454 the
508 2422 574 2454 same
586 2423 612 2453 as
621 2408 728 2468 siugulis
739 2409 882 2464 homiuibum
896 2408 991 2458 sorsin·

66 2470 163 2530 galeris
181 2468 260 2516 usuall
289 2467 396 2528 signifies
414 2467 466 2513 that
477 2466 558 2513 which
575 2465 595 2512 is
612 2465 721 2526 singular
731 2466 756 2513 in
766 2466 798 2513 its
810 2466 884 2524 hind;
901 2483 929 2515 or
940 2468 992 2518 that

68 2528 150 2576 which
161 2527 182 2575 is
193 2537 235 2575 not
247 2485 296 2575 tihe
308 2526 426 2587 anything
436 2525 495 2572 else.

96 2601 107 2629 ⁸
120 2599 173 2648 Usu
183 2601 257 2656 uenit,
273 2605 302 2648 ‘a
318 2601 386 2660 thing
402 2613 484 2647 comes
499 2607 525 2644 to
541 2598 571 2644 be
587 2596 709 2654 reulised‚’
723 2612 749 2645 or
759 2596 830 2647 takes
840 2598 924 2658 place;
942 2601 990 2663 epi-

68 2660 140 2707 stione
152 2662 294 2722 praecipere,
310 2664 349 2706 ‘to
361 2659 454 2705 believe
466 2657 560 2716 athing
570 2655 652 2703 before
670 2657 688 2704 it
705 2657 811 2718 actually
821 2658 892 2706 takes
903 2659 980 2719 place.

68 2717 302 2825 §lieigsrhhrinhic’ause
317 2717 348 2764 he
364 2717 411 2764 had
427 2717 538 2765 soreseen
553 2715 606 2763 that
618 2715 803 2778 Vercingetorix
813 2717 897 2767 would
911 2728 950 2768 act
966 2718 992 2767 iu

97 2849 165 2898 ⁴Per
174 2866 269 2898 causam
279 2850 447 2912 suppleuerat&
466 2848 519 2896 that
530 2849 560 2907 is,
573 2851 729 2910 supplementi
737 2852 836 2911 cogendi
844 2867 925 2899 causo.

97 2923 107 2950 ⁵
121 2921 224 2977 Victum,
238 2932 330 2970 atown
340 2922 365 2969 in
378 2921 419 2968 the
435 2929 538 2981 country
548 2921 576 2969 of
587 2922 628 2973 the
640 2920 797 2981 Allobroges,
810 2923 891 2970 which
907 2924 933 2971 in
948 2923 991 2973 the

68 2980 127 3035 time
138 2980 166 3028 of
173 2981 304 3040 Augustus
316 2983 416 3028 became
427 2979 468 3028 the
480 2980 605 3039 capitulos
612 2980 664 3027 that
675 2981 766 3036 natica,
777 2981 824 3028 and
834 2983 909 3042 being
919 2982 991 3032 made

68 3055 83 3086 a
94 3038 192 3088 Roman
202 3039 297 3099 colony,
311 3041 411 3087 became
423 3055 468 3087 one
479 3039 507 3087 of
520 3040 561 3087 the
572 3048 635 3087 most
647 3039 777 3098 important
787 3040 869 3099 places
880 3041 906 3089 in
917 3042 990 3092 Gaul.

68 3095 105 3146 Its
115 3098 217 3145 modern
227 3114 298 3146 name
309 3099 330 3147 is
340 3098 443 3146 Vienue.
813 3120 817 3131 ·

43 3174 47 3181 '
96 3169 152 3218 ‘De
162 3186 207 3217 suc
217 3175 307 3228 salutm
325 3171 378 3218 that
388 3172 419 3227 is,
430 3180 512 3219 contra
522 3189 555 3228 se,
569 3187 595 3219 or
605 3180 687 3220 costra
697 3189 765 3220 suom
775 3174 883 3222 salutem.
