2146 3704
449 247 451 253 ,
513 223 606 266 stass
626 224 661 266 n.
1010 207 1051 268 oe

123 332 1050 476 ttstuttltlltlssltffil‘sugillat&atttriti

122 475 192 548 poris
210 483 287 528 touta
304 473 355 528 luit
375 475 507 545 exiguitas
527 475 699 544 hostiumque
718 482 774 528 tam
791 482 900 544 paratus
916 474 951 528 sd
970 476 1050 531 dirui·

121 545 241 600 cendum
261 545 376 614 animus,
395 554 425 599 ut
444 562 496 599 non
516 544 649 599 modoad
669 543 793 611 insignia¹
811 545 1049 616 accommodando,

122 615 170 669 sed
183 615 267 669 etism
277 613 312 667 ad
320 614 413 683 galeas
422 614 571 669 induendas
580 614 716 683 scutisque
725 613 873 682 tegimenta
884 613 1051 669 detrudendo

121 694 232 765 tempus
244 683 370 738 deluerit.
401 684 491 743 Quem
503 685 619 755 quisque
630 683 666 738 ab
677 699 758 754 opere
769 683 796 737 in
808 691 914 754 partem
926 700 992 737 casu
1003 684 1050 738 de-

122 764 196 808 vemt
215 771 271 824 que
308 770 342 807 ue
363 754 450 824 prime
468 754 545 823 signa
564 754 711 823 conspexit,
730 752 766 807 sd
783 752 854 806 baec
871 753 996 825 constitit,
1015 771 1051 811 ne

122 824 289 899 iniquaeren
311 823 333 876 is
345 824 402 877 suis
415 825 550 894 pugnandi
561 832 617 878 tem
638 839 671 876 us
681 823 837 877 dimitteret.

157 895 201 947 2'2.
216 893 348 947 Instructo
357 895 477 949 exercitu
485 894 574 963 magis
585 840 675 947 utioci
684 902 778 947 natura
789 892 966 964 dejectusque
975 893 1051 948 collis

121 965 152 1016 et'
160 963 311 1016 necessitas
323 971 378 1017 tem
417 963 458 1033 ris,
472 980 554 1034 quarn
571 972 601 1017 ut
618 964 656 1016 rei
672 963 794 1017 militaris
812 963 877 1016 ratio
893 972 975 1033 atque
987 964 1051 1017 ordo

120 1032 283 1158 pqstulabst,
296 1049 360 1087 curn
392 1034 485 1086 iversis
503 1033 663 1104 legionibus'
677 1034 748 1087 eliae
766 1033 820 1086 elia
837 1033 864 1086 in
876 1044 951 1103 parte
969 1033 1055 1088 hosti-

160 1102 347 1173 sresisterent‚
361 1103 527 1174 sepibusque
545 1103 721 1174 densissimis,
735 1111 765 1157 ut
777 1111 840 1156 ante
857 1102 1051 1157 demonstravi-

121 1189 190 1243 mus,
203 1171 353 1243 interjectis
370 1184 526 1243 prospectus
543 1173 726 1245 impediretur,
739 1189 828 1242 neque
845 1182 919 1226 certa
930 1172 1052 1227 subsidia.

120 1241 246 1295 collocari
254 1258 343 1311 neque
350 1243 417 1312 quid
424 1243 452 1296 in
459 1258 566 1313 quaque
574 1252 649 1314 parte
656 1259 724 1315 opus
730 1251 810 1314 esset,
820 1242 954 1313 provideri
961 1259 1051 1312 neque

121 1311 157 1366 ab
173 1312 229 1366 uno
245 1312 336 1365 omnis
348 1313 384 1366 im
422 1313 460 1365 ria
472 1313 651 1367 administrari
663 1322 793 1383 poterant.
829 1313 925 1382 Itaque
936 1313 963 1367 in
976 1321 1051 1367 tante

122 1384 212 1436 rerum
225 1380 366 1451 iniquitate
389 1391 499 1435 ortunae
512 1398 619 1453 quoque
631 1392 747 1435 eventus
754 1381 819 1435 varii
832 1382 1024 1452 sequebantur.

157 1454 200 1504 2³.
220 1451 347 1520 Legionis
358 1468 444 1505 nonae
456 1459 483 1504 et
495 1451 620 1504 decimae
636 1451 744 1520 milites,
757 1461 787 1504 ut
804 1450 830 1503 in
849 1451 957 1503 sinistre
974 1459 1050 1520 parte

120 1519 181 1574 acie
189 1521 370 1592 constiterant,
383 1521 445 1591 pilis
456 1521 565 1588 emissis
576 1536 657 1573 cursu
668 1536 702 1573 ao
713 1518 871 1572 lassitudine
883 1520 1051 1575 exanimatos

121 1589 331 1660 vulnenbusque
341 1591 478 1644 confectos
487 1589 631 1656 Atrebates
643 1590 719 1660 (nam
729 1587 770 1641 his
778 1605 812 1641 ea
823 1605 884 1658 pers
892 1588 1050 1660 obvenerat)

121 1659 246 1717 celeriter
262 1677 297 1713 err
315 1660 373 1713 loco
392 1660 525 1730 superiore
541 1659 684 1713 indumen
698 1658 883 1730 compulerunt
896 1667 924 1712 et
938 1660 1050 1714 transire

121 1731 250 1785 conantes
266 1729 381 1783 insecuti
399 1729 496 1799 gladiis
514 1745 642 1800 magnam
657 1738 762 1799 partem
781 1745 872 1782 comm
891 1728 1050 1800 impeditum

121 1798 320 1853 interfecerunt.
357 1801 412 1870 Ipsi
432 1799 542 1852 transire
566 1799 669 1853 flumen
691 1815 744 1853 non
763 1798 952 1852 dubitaverunt
974 1806 1003 1852 et
1021 1799 1050 1856 in

122 1867 267 1924 locum-ini
287 1885 353 1922 uum
372 1869 504 1940 progressi
528 1885 618 1923 rursus
640 1869 796 1923 resistentes
819 1867 921 1922 hostes·
933 1868 1049 1924 redinte-

121 1947 195 2007 grato
214 1885 313 2009 prosilio
333 1940 360 1992 in
379 1939 472 2008 sugam
491 1939 671 2010 conjecerunt.
707 1939 777 1994 Item
796 1939 849 1992 alia
869 1939 896 1994 in
915 1947 990 2010 perte
1009 1940 1049 1995 di·

120 2023 216 2062 verses
234 2008 304 2062 duae
325 2008 452 2078 legiones,
470 2008 614 2063 undecima
634 2018 661 2063 et
681 2018 784 2081 octava,
805 2010 950 2080 profligatis
968 2010 1049 2064 Vero·

120 2077 252 2148 menduis,
266 2079 425 2148 quibuscum
438 2088 512 2132 erant
524 2080 665 2159 congressi,
679 2095 714 2133 ex
727 2079 784 2133 loco
797 2081 931 2150 superiore
943 2081 971 2135 in
983 2080 1049 2150 ipsis

120 2147 241 2201 fluminis
253 2148 317 2217 ripis
328 2148 534 2218 proeliabsntur.
570 2152 607 2204 At
618 2159 680 2203 totrs
692 2148 749 2204 lere
760 2166 778 2202 a
789 2149 874 2204 fronte
887 2158 914 2203 et
925 2150 961 2204 ab
973 2149 1049 2203 siuis-

121 2225 165 2292 trs,
173 2226 250 2288 perte
261 2218 368 2275 nudatis
380 2219 482 2299 castris,
493 2235 556 2272 cum
568 2219 594 2272 in
607 2219 700 2272 dextro
712 2235 793 2272 cornu
806 2219 875 2288 legio
887 2219 1050 2274 duodecima

121 2293 149 2340 et
167 2303 222 2341 non
241 2304 269 2341 m
306 2304 339 2340 no
359 2288 394 2342 ab
414 2305 448 2341 ea
470 2288 609 2342 mtervallo
630 2304 659 2340 se
680 2289 746 2341 tima
765 2288 934 2358 constitisset,
954 2306 1049 2344 omnes

121 2354 215 2411 Nervii
233 2360 283 2410 con
296 2358 427 2412 ertissirno
444 2358 552 2427 agmine
570 2359 640 2412 duce
657 2306 834 2427 boduognau,
848 2359 895 2428 qui
912 2375 1049 2414 summam

120 2425 228 2497 imperii
247 2427 362 2498 tenebat,
382 2429 417 2481 ad
437 2445 501 2481 eum
519 2428 609 2481 locum
627 2427 835 2495 contenderunt3
856 2445 970 2498 quorum
987 2445 1050 2497 pars

121 2504 213 2570 aperto
225 2496 318 2550 lutere⁴
329 2497 450 2567 legiones
462 2496 664 2566 circumvenire,
677 2513 739 2566 pars
752 2513 890 2550 summum
902 2505 1049 2550 castrorum

121 2563 212 2620 locum
223 2576 316 2637 petere
328 2567 425 2638 coepit.
989 2587 990 2592 ¹

135 2761 223 2830 “The
235 2763 286 2812 ἕπε’
302 2763 413 2813 sichero
424 2779 464 2813 ere
475 2762 517 2813 the
529 2763 680 2813 ornamentsl
691 2772 757 2825 parts
768 2762 797 2814 os
806 2763 848 2814 the
859 2781 965 2825 ormont,
977 2782 1047 2830 espe-

119 2816 193 2882 cially
203 2821 231 2870 oi
242 2823 285 2872 the
313 2823 396 2872 elmet.
428 2824 475 2872 See
487 2823 503 2873 i.
514 2827 551 2873 22.

147 2899 223 2948 'The
234 2902 262 2949 in
272 2901 330 2949 bere
340 2900 362 2949 is
372 2900 512 2961 equivalent
523 2911 549 2950 to
562 2902 670 2960 ‘while,’
683 2902 793 2952 whereas
804 2903 846 2953 the
857 2903 963 2954 oblativa
974 2903 1047 2956 with·

118 2967 162 3007 out
173 2959 215 3008 the
225 2960 374 3020 preposition
384 2961 467 3009 would
477 2963 508 3012 be
519 2962 562 3010 tlte
573 2963 678 3012 ablativo
689 2962 718 3011 of
729 2963 771 3012 the
782 2963 937 3013 instrument.
990 2997 992 3001 s
1032 2990 1034 2993 v

147 3045 276 3096 ’Diversis
287 3050 420 3110 legionibus
431 3049 451 3097 is
463 3049 504 3098 the
516 3049 622 3099 ablativo
633 3050 759 3108 absolute;
777 3051 819 3099 the
830 3060 950 3100 structure
964 3049 993 3098 of
1004 3049 1047 3098 the

118 3115 234 3155 sentence
250 3107 271 3156 is
287 3115 319 3155 an
328 3108 433 3156 unusual
444 3124 499 3166 one,
512 3110 560 3158 end
569 3110 648 3172 might
659 3111 722 3159 have
733 3111 934 3160 been-diversae
943 3110 1047 3172 legiones

118 3163 183 3215 eliae
190 3167 249 3224 doc,
263 3167 313 3216 doc.

119 3240 162 3349 bi:
164 3239 190 3350 l114
224 3243 353 3352 wlstan,-
367 3239 421 3290 thet
429 3240 459 3300 is,
468 3257 501 3291 on
510 3242 553 3292 tbe
564 3242 607 3292 left
618 3242 670 3293 side
679 3240 741 3291 from
749 3240 830 3291 which
841 3239 883 3291 the
894 3241 989 3305 legions
999 3241 1047 3294 trud
