2146 3704
460 113 643 181 «gaasar,
698 138 705 146 -
975 97 1023 158 ,95

97 220 236 279 ficiscitur.
272 221 312 276 Eo
329 237 392 276 cum
410 222 537 293 venisset,
557 240 597 294 ea,
616 239 687 293 quae
707 222 763 277 iore
787 224 938 295 suspicatus
956 233 1021 294 orat,

96 294 170 347 lacta
194 293 333 360 cognovit:
359 291 456 345 missas
481 292 628 362 legationes
651 292 686 346 ab
711 292 845 346 nonnullis
868 293 1023 348 civitatibus

96 363 132 417 ad
152 363 310 431 Germanos,
329 361 508 431 invitatusque
532 380 586 429 eos,
606 361 645 415 uti
668 361 704 415 ab
727 361 820 416 Rheno
844 362 1021 432 discederent,

96 431 252 500 omniaque,
265 448 336 500 quae
348 431 535 501 postulassent,
547 432 582 485 ab
595 433 634 504 sp*
646 432 701 486 lore
713 441 815 502 parata.
845 432 904 491 Qua
916 450 963 503 spe
976 432 1023 486 ad·

96 501 171 556 ducti
189 502 318 554 Germani
337 500 417 554 latius
433 500 489 571 jam
507 502 673 570 vagabantur
690 511 717 554 et
735 502 763 554 in
780 501 849 554 fines
867 501 1023 556 Eburonum

97 581 125 624 et
142 571 348 638 Condrusorum,
367 571 414 639 qui
434 580 494 624 sunt
512 571 681 625 Trevirorum
699 571 820 642 clientes,
837 582 1023 642 pervenerant.

97 640 268 709 Principibus
290 639 395 693 Galliae
423 641 541 694 avocatis
564 640 662 693 Caesar
689 658 730 712 ea,
754 657 824 711 quae
853 649 1021 710 cognoverat,

97 709 295 764 dissimulanda
318 709 372 764 sibi
395 707 568 776 existimavit,
589 728 736 780 eorumque
759 701 871 779 offis.
879 710 1024 780 permulsis

97 787 125 833 et
143 779 318 833 confirmatis²
335 779 510 849 equitatuque
527 781 658 851 imperato
676 780 779 835 bellum
796 797 860 835 cum
880 780 1024 834 Gennanis

97 865 192 918 gerere
205 847 350 902 constituit.

133 923 159 972 t.
176 919 216 972 Re
235 917 411 971 frumentaria
426 926 580 989 comparata
595 919 715 999 equitibu
749 937 784 973 ue
799 919 914 974 delectis
931 919 982 972 iter
996 918 1023 973 in

67 993 86 1041 tu
98 995 133 1042 ea
144 988 203 1041 looa
214 986 304 1042 lacere
317 987 411 1057 coepit,
425 987 524 1058 quibus
536 988 563 1043 in
575 988 641 1056 lours
653 1006 713 1043 esse
750 1007 874 1042 ermanus
885 988 1022 1043 audiebat.

84 1060 131 1124 Α,
160 1057 328 1131 uibusjcum·
340 1074 486 1126 paucorum
505 1059 610 1112 dierum
628 1059 678 1112 iter
694 1059 810 1129 abesset,
826 1058 909 1127 legati
925 1058 961 1112 ab
979 1057 1024 1112 his

97 1074 363 1196 vessruntffluor‘irm
380 1126 450 1181 haec
467 1128 516 1181 fuit
534 1129 632 1182 oratio:
651 1129 800 1183 Germanos
817 1145 906 1198 neque
923 1127 1023 1197 priores

97 1194 196 1266 populo
204 1197 323 1250 Romano
336 1196 437 1251 bellum
450 1197 548 1251 inferre
560 1216 648 1268 neque
662 1208 752 1252 tamen
763 1215 893 1269 recusare,
903 1198 926 1251 si
938 1197 1023 1251 laces·

86 1275 199 1333 santur,
216 1266 283 1336 quin
305 1266 389 1318 armis
414 1267 585 1336 contendant,
604 1267 675 1337 quod
692 1268 887 1321 Germanorum
911 1283 1023 1320 consue-

98 1333 162 1392 tudo
171 1334 244 1390 haec
256 1335 289 1388 sit
301 1353 319 1387 a
330 1334 477 1404 majoribus
490 1335 593 1405 tradita,
607 1336 771 1405 quicumque
782 1335 885 1389 bellurn
899 1335 1021 1406 inierant,

96 1405 231 1458 resistere³
247 1422 336 1474 neque
351 1404 498 1473 deprecari.
534 1405 609 1457 Haec
627 1412 719 1456 tamen
733 1404 838 1457 dicere:
858 1403 966 1456 venisse
984 1403 1023 1458 iu·

43 1476 70 1540 et?
85 1474 173 1543 aiios,
193 1474 295 1544 ejectos
314 1474 409 1542 domo,
433 1475 455 1526 si
474 1491 552 1527 suam
569 1472 685 1541 gratiam
702 1473 814 1527 Romani
832 1472 925 1542 velint,
944 1490 1023 1543 posse

42 1589 44 1592 ,
82 1542 130 1611 „iis
141 1543 223 1596 utiles
235 1560 296 1596 esse
309 1543 411 1596 amicos
419 1560 426 1611 3
445 1543 488 1596 vel
505 1543 557 1597 sibi
572 1560 651 1611 agros
665 1542 817 1612 attribuant,
831 1541 875 1595 vel
889 1541 1024 1620 patiantur

42 1650 49 1675 ,
95 1628 143 1666 sos
159 1623 259 1681 tenere,
273 1630 340 1681 quos
354 1613 437 1666 armis
451 1615 617 1682 possederint
626 1612 643 1681 ,⁴
661 1629 721 1666 sese
737 1612 799 1665 unis
816 1613 912 1665 Suevrs
929 1629 1022 1666 conoe·

96 1681 181 1752 dere,⁸
197 1682 295 1753 quibus
309 1699 344 1734 ne
362 1682 399 1735 dii
418 1683 528 1752 quidem
547 1682 713 1736 immortales
731 1699 810 1752 pares
827 1699 888 1734 esse
906 1680 1023 1751 possint:

95 1751 231 1822 reliquum
242 1751 355 1823 quidem
367 1752 395 1805 in
406 1753 482 1806 terris
494 1770 555 1806 esse
567 1751 712 1823 neminem,
727 1768 810 1823 quern
826 1768 880 1805 non
897 1768 1023 1822 superare

131 1823 208 1874 seint.

95 1837 157 1943 po8.
175 1890 219 1945 Ad
235 1890 303 1943 haec
320 1907 389 1960 quae
405 1891 494 1945 visum
511 1893 571 1963 est,⁰
582 1891 680 1946 Caesar
699 1891 849 1972 respondit,
868 1889 916 1945 sed
935 1891 1023 1945 exitus

94 1957 145 2013 fuir
163 1959 302 2013 orationis:
321 1960 374 2013 sibi
390 1960 494 2014 nullam
511 1979 576 2016 cum
593 1962 635 2015 his
652 1963 800 2015 amicitiam
818 1979 879 2014 esse
897 1977 983 2031 posse,
997 1961 1021 2014 si

123 2140 179 2189 ¹Ao
189 2159 223 2200 se,
238 2146 284 2192 ‘on
294 2143 358 2192 their
368 2153 420 2203 part
429 2145 445 2202 ;'
463 2144 516 2193 that
528 2144 557 2200 is,
571 2159 603 2191 on
613 2143 655 2191 the
671 2153 723 2202 part
735 2142 763 2190 of
774 2142 845 2191 those
861 2143 913 2191 that
925 2140 1022 2191 desirod

93 2198 136 2249 the
148 2200 270 2251 Germans
281 2212 307 2251 to
318 2203 446 2252 withdraw
456 2203 518 2252 from
529 2203 571 2250 the
583 2202 662 2251 banlrs
673 2202 701 2249 os
709 2201 749 2249 the
762 2202 851 2249 Rhine.

106 2287 133 2357 ᾖ
143 2286 235 2337 Caesar
245 2289 380 2338 comforted
395 2291 445 2360 and¹
458 2289 610 2350 encouraged
622 2289 689 2337 thern
701 2289 725 2337 in
736 2288 822 2349 regard
832 2298 858 2336 to
869 2287 911 2357 ¹tlre
922 2287 1020 2356 calami·

93 2355 142 2396 tres
153 2348 213 2418 they
224 2363 288 2396 were
300 2350 488 2458 apprehendrng
502 2349 596 2408 though
607 2349 638 2417 lre
650 2349 708 2415 kept
724 2358 803 2395 secret
814 2348 856 2395 the
868 2346 1021 2414 roformatrorr

92 2409 291 2518 fflsscfficsse
332 2418 424 2469 srpetes
440 2409 487 2456 and
503 2409 620 2456 Tencterr
631 2407 712 2454 whrch
723 2406 754 2454 he
765 2406 813 2454 had
829 2405 943 2454 obtarned
958 2405 1021 2454 from

123 2552 264 2604 'Resistere
279 2554 387 2614 requires
399 2555 430 2602 iis
442 2563 466 2601 to
478 2552 598 2612 complete
614 2551 646 2600 its
659 2551 786 2612 meaning3
804 2553 847 2599 but
861 2550 952 2600 Caesar
962 2567 1020 2600 usu-

93 2612 144 2677 ally
155 2615 229 2663 omits
240 2615 282 2662 the
293 2629 403 2674 pronoun
413 2616 435 2662 is
446 2613 508 2661 aster
518 2614 659 2673 quicunque.
692 2611 739 2660 See
752 2611 766 2659 i.
778 2614 817 2668 40,
830 2611 871 2659 vii.
883 2613 905 2658 4.

123 2705 132 2733 ⁴
142 2703 198 2751 The
207 2705 266 2750 verb
274 2704 397 2765 possidere
405 2701 543 2761 frequently
552 2699 661 2761 signifies
673 2709 714 2747 not
726 2700 806 2748 actual
817 2698 965 2758 possession,
977 2700 1020 2746 hut

93 2760 137 2811 the
149 2762 282 2823 beginning
292 2762 320 2810 of
327 2761 483 2820 possession;
501 2761 553 2808 that
565 2761 594 2816 is,
611 2766 649 2807 ‘to
661 2759 717 2807 talre
730 2760 870 2819 possession
881 2759 922 2806 ol!

113 2847 274 2956 ·⁸1gi”⁶⁶d⁶⁷⁸
284 2847 305 2895 is
316 2847 375 2895 here
386 2845 448 2894 used
459 2847 484 2894 in
495 2846 537 2894 the
548 2861 620 2894 sense
629 2844 656 2892 ol
664 2844 706 2892 the
717 2845 804 2905 simple
813 2846 871 2893 verb
880 2847 966 2898 cedere,
982 2847 1022 2890 'to

112 2925 134 2956 re
163 2944 168 2956 .

95 2924 110 2970 y
123 2992 261 3052 ‘Namely,
276 2994 416 3052 respondere
423 3008 434 3048 ‚·
452 2990 504 3039 that
521 2991 551 3048 is,
564 2991 630 3038 what
646 2989 766 3048 appeared
780 2998 806 3036 to
821 2987 952 3047 him.right
968 2987 1021 3056 that

94 3065 126 3102 ne
142 3051 230 3101 should
247 3064 356 3107 answer;
374 3050 440 3097 what
457 3051 506 3098 this
522 3066 583 3107 was,
597 3064 635 3098 we
651 3048 726 3096 lrnow
736 3058 787 3104 not,
800 3063 827 3096 as
843 3046 935 3096 Caesar
951 3062 1020 3109 grtes

94 3111 154 3172 only
165 3111 205 3159 the
218 3109 360 3159 conclusion
370 3109 398 3156 os
406 3109 444 3156 his
455 3108 553 3168 speech.
