2146 3704
464 117 557 161 ursas
577 119 605 159 v.
939 102 994 161 13}

59 214 161 280 ”culum
174 224 323 279 deducant:
340 224 449 278 facilem
461 243 522 280 esse
535 244 599 295 rem,
614 244 661 281 seu
673 236 809 297 maneant,
818 245 868 282 seu
879 229 996 298 proficis·

67 304 171 364 cantur,
185 295 208 346 si
223 293 303 348 modo
321 312 404 348 unum
423 313 519 365 ornnes
538 297 653 350 sentiant
670 314 703 349 ac
720 295 847 366 probent;
866 308 956 351 contra
968 299 996 352 in
1016 302 1023 307 “

68 364 236 422 dissensione
254 364 356 418 nullam
376 382 404 417 se
424 365 539 418 salutern
551 367 712 435 perspicere.
748 367 802 418 Res
816 366 994 437 disputatione

67 436 101 492 ad
120 430 243 488 mediam
262 445 369 506 noctem
385 435 563 504 perduciturt'
575 434 684 488 tandem
702 435 747 487 dat
766 436 842 488 Cotta
859 447 996 515 permotus

67 522 167 562 manus
176 506 193 556 :¹
211 513 319 572 superat
337 505 469 556 sententia
482 504 580 557 Sabini.
616 505 816 576 Pronunciarur,
831 523 917 575 prima
935 507 995 560 luce

69 576 165 632 ituros:
194 573 359 626 consumitur
383 573 481 641 vigiliis
504 573 607 642 reliqua
633 592 695 644 pars
721 575 814 645 noctis,
839 593 923 644 quum
948 593 997 628 sua

69 645 184 714 quisque
194 643 273 696 miles
281 643 507 712 circumspiceret,
520 643 585 713 quid
598 661 691 697 secum
704 654 807 714 portare
818 654 917 715 posset,
931 646 996 715 quid

70 731 103 767 ex
128 713 317 766 instrumento²
343 712 514 766 hibernorum
540 713 690 783 relinquere
716 724 864 782 cogeretur.
901 715 997 769 Omnia

69 783 272 853 excogitantur,'
284 800 367 852 quare
385 798 436 834 neo
454 783 512 834 sine
530 783 648 852 periculo
665 794 813 855 maneatur,
827 794 854 837 et
869 784 997 854 languore

69 854 188 907 militum
207 862 233 905 et
253 852 351 921 vigiliis
371 851 520 921 periculum
539 863 677 920 angeatur.
713 854 803 907 Prima
820 855 882 908 luce
903 857 941 908 sic
962 872 997 908 ex

70 923 165 988 castris
190 923 400 992 proficiscuntur,
425 932 455 975 ut
478 922 584 992 quibus⁴
609 932 680 976 esset
703 940 862 992 persuasum
886 942 938 978 non
960 924 996 978 ab

70 991 155 1061 hoste,
166 992 213 1044 sed
226 991 260 1043 ab
274 991 381 1044 homine
394 991 559 1045 amicissimo
571 992 727 1060 Ambiorige
740 994 879 1047 consilium
892 994 994 1065 datum,

69 1062 225 1129 longissimo
237 1063 345 1130 agmine
357 1062 539 1131 maximisque
552 1062 762 1132 impedimentis.

105 1136 147 1183 32.
170 1135 203 1184 At
218 1130 316 1201 hostes,
333 1140 507 1200 posteaquam
527 1150 561 1184 ex
578 1141 705 1185 nocturno
723 1131 830 1187 fremitu
843 1131 995 1203 vigiliisque

70 1201 104 1255 de
117 1201 281 1270 profectione
294 1218 385 1254 eorum
400 1203 558 1271 senserunt,⁶
570 1201 705 1255 collocatis
717 1202 820 1255 insidiis
832 1203 954 1271 bipartito
967 1205 996 1256 in

71 1270 144 1324 silvis
156 1281 302 1340 opportuno
314 1280 395 1339 atque
408 1271 512 1322 occulto
524 1271 589 1339 loco,
600 1288 616 1322 a
628 1271 737 1324 milibus
749 1289 878 1340 passuum
891 1272 996 1324 circiter

70 1334 194 1410 duobus,⁶
212 1342 391 1393 Romanorum
414 1339 560 1391 adventum
582 1340 789 1408 exspectabant:
814 1348 841 1391 et
860 1357 944 1408 quum
965 1358 995 1393 se

70 1409 155 1480 major
178 1428 239 1480 pars
257 1409 373 1478 agminis
391 1409 419 1460 in
437 1426 563 1475 magnam
586 1408 745 1461 convallem⁷
769 1408 934 1477 demisisset,
961 1426 996 1463 ex

70 1489 183 1549 atraque
201 1488 276 1550 parte
294 1478 353 1548 ejus
366 1478 443 1531 vallis
455 1478 543 1548 subito
555 1495 585 1530 se
598 1478 770 1530 ostenderunt
783 1477 995 1548 novissimosque

70 1565 193 1618 premere
206 1558 233 1602 et
246 1550 344 1619 primos
362 1547 503 1618 prohibere
521 1565 636 1600 ascensu
654 1557 735 1616 atque
751 1547 918 1616 iniquissimo
936 1565 995 1601 nos-

71 1619 118 1673 tris
130 1620 187 1672 loco
200 1619 331 1689 proelium
343 1618 511 1671 committere
524 1626 677 1687 coeperunt.

84 1691 147 1754 ¹33.
167 1689 237 1742 Tum
258 1688 370 1741 demum
389 1688 514 1755 Titurius,
536 1696 564 1739 ut
584 1689 630 1756 qui
654 1685 721 1740 nihil
740 1694 803 1740 ante
827 1685 994 1756 providisset,

71 1758 211 1827 trepidare,
236 1775 401 1827 concursare,
427 1757 602 1826 cohortesque
628 1757 783 1827 disponere·
809 1755 878 1809 haec
904 1765 996 1809 tamen

70 1827 128 1897 ipsa
146 1827 247 1897 timide,
265 1837 345 1897 atque
367 1839 393 1880 ut
412 1845 474 1880 eum
494 1829 584 1880 omnia
603 1826 719 1891 deiicere
735 1796 902 1880 viderentur:
923 1827 994 1896 quod

69 1896 229 1967 plerumque
249 1898 282 1950 iis
304 1897 427 1950 accidere
447 1899 593 1967 consuevit,
616 1897 662 1967 qui
682 1897 786 1967 inipso
806 1897 912 1966 negotio
932 1914 994 1950 con·

70 1966 161 2020 silium
172 1984 268 2036 capere
281 1977 419 2035 coguntur.
455 1969 490 2020 At
504 1969 587 2037 Cotta,
600 1969 656 2037 qui⁸
667 1968 817 2036 cogitasset,
832 1967 900 2020 haec
914 1982 994 2035 posse

69 2038 96 2090 in
109 2038 203 2090 itinere
221 2037 353 2107 accidere,
366 2047 447 2105 atque
461 2037 495 2089 ob
514 2055 575 2089 eam
594 2055 704 2090 causam
716 2037 886 2107 profectionis
903 2044 995 2089 auctor

98 2190 211 2238 ¹Manaa
221 2194 279 2239 clare
289 2192 309 2239 is
321 2208 335 2238 a
346 2191 465 2250 symbolic
477 2191 565 2246 action,
579 2190 722 2257 expressing
738 2189 790 2236 that
807 2206 821 2236 a
837 2205 925 2248 person
942 2204 994 2237 sur·

69 2249 168 2297 tenders
185 2250 222 2297 his
241 2251 429 2308 independencc,
449 2267 476 2298 or
492 2267 561 2297 owns
582 2250 634 2296 that
655 2250 685 2296 he
705 2265 725 2296 rs
743 2249 888 2307 conquered.
920 2247 994 2297 Corn.

70 2307 166 2368 Nepos,
179 2309 282 2358 Homile.
296 2314 322 2367 1;
343 2310 395 2357 Cic.
407 2310 444 2357 De
455 2310 528 2356 Amic.
541 2313 578 2357 26.

97 2382 304 2431 'lustramentum
312 2382 357 2431 has
368 2400 382 2430 a
393 2383 519 2430 collective
529 2383 649 2441 meaning,
661 2381 708 2428 and
716 2381 817 2428 denotes
829 2379 861 2426 all
872 2379 913 2426 the
924 2389 994 2426 uten-

68 2441 112 2490 sits
124 2443 171 2489 and
182 2442 298 2490 surniture
310 2442 422 2500 required
434 2443 458 2488 in
469 2458 483 2487 a
493 2441 625 2499 stationary
637 2456 714 2498 camp.

97 2517 233 2576 'Namely‚
247 2536 261 2564 a
272 2520 386 2564 militibus
390 2533 400 2571 ,·
418 2515 454 2562 sor
464 2515 555 2562 Caesar
566 2514 622 2560 here
634 2513 757 2560 describes
768 2511 809 2559 the
820 2510 937 2572 thoughts
949 2511 996 2561 and

68 2576 207 2624 reflections
220 2577 270 2624 that
282 2576 371 2635 passed
383 2575 488 2634 through
499 2574 540 2620 the
553 2573 632 2620 minda
644 2572 672 2620 os
684 2573 724 2619 the
737 2571 847 2619 soldiers.

69 2648 248 2758 ngqlpaiqqa
260 2649 280 2698 is
292 2649 431 2708 equivalent
443 2648 466 2696 in
478 2647 591 2706 meaning
603 2647 760 2706 tomacellis,
775 2650 816 2692 ‘as
828 2644 849 2693 if
855 2644 933 2706 they,’
945 2643 994 2694 duo.

97 2725 214 2830 ‘edentlle
223 2745 252 2830 de
262 2782 319 2830 here
331 2781 448 2842 signifiea
465 2786 504 2827 ‘to
515 2781 616 2827 become
628 2794 707 2827 aware
717 2778 758 2826 os!

83 2857 164 2904 ‹⁸See
176 2857 199 2903 ii.
212 2861 236 2912 7,
249 2866 306 2904 note
319 2860 339 2903 1.

96 2931 105 2958 ⁷
118 2930 241 2977 Cancellis
259 2930 279 2976 is
293 2945 307 2975 a
322 2929 389 2986 place
401 2927 459 2975 shut
470 2928 494 2974 in
505 2928 619 2973 between
630 2935 680 2972 two
691 2924 756 2980 hills,
769 2924 880 2971 whereas
891 2923 963 2970 vallea
974 2921 995 2968 is

67 2988 109 3036 the
121 2989 170 3036 low
176 2987 270 3048 ground
281 2998 305 3034 at
318 2989 358 3035 the
370 2987 419 3035 soot
431 2987 459 3034 os
466 3002 480 3034 a
488 2986 546 3043 hill;
561 2988 604 3033 but
617 2985 665 3031 this
677 2983 807 3030 difference
819 2983 839 3029 is
850 2990 891 3028 not
903 2980 996 3039 always

67 3047 164 3107 strictly
175 3046 304 3094 observed.

96 3123 106 3151 ⁸
115 3121 172 3169 The
179 3137 221 3180 qur
229 3120 287 3166 here
297 3119 391 3176 implies
401 3118 442 3165 the
450 3117 503 3165 idea
510 3117 538 3164 of
544 3134 623 3176 quum,
633 3115 657 3162 in
667 3114 707 3162 the
719 3129 791 3161 sense
802 3113 831 3160 os
840 3110 970 3181 ‘although
977 3112 994 3170 ;’

67 3179 144 3228 hence
157 3180 199 3228 the
211 3178 377 3240 subjunctivae
387 3179 512 3238 cogitasset
524 3176 570 3224 and
579 3177 680 3236 suisset.
713 3173 833 3233 Compare
845 3187 877 3219 w.
886 3174 927 3228 34,
937 3187 963 3219 u.
972 3175 997 3218 4.
