2146 3704
70 256 131 318 220
266 253 270 260 ’
373 277 414 318 ns
435 276 531 318 anano
552 275 688 318 asiarco.

72 386 161 455 legati,
176 384 273 455 quibus
284 403 334 439 eae
345 396 434 456 partes
445 386 480 439 ad
492 386 693 440 defendendum
709 383 883 456 obvenerant,
896 400 947 456 qua
958 397 989 439 ex

72 465 147 526 parte
168 465 270 509 nostros
288 457 373 525 premi
393 457 586 527 intellexerant,
601 456 634 509 iis
648 455 746 509 auxilio
766 472 803 509 ex
822 454 989 510 ulterioribus

73 526 192 578 castellis
204 527 333 579 deductos
345 526 547 580 submittebant.

109 601 152 648 82.
189 597 259 649 Dum
272 597 375 664 longius
393 596 428 650 ab
448 597 594 650 munitione
613 595 723 649 aberant
735 594 813 663 Galli,
827 593 889 663 plns
905 591 990 647 multi·

76 666 167 719 tudine
180 666 291 718 telorum
301 666 487 736 proficiebant:
501 675 676 736 posteaquam
685 664 791 734 propius
800 671 991 732 successerunt,

74 744 121 789 aut
142 753 170 787 se
190 735 242 804 ipsi
266 735 382 788 stimulis
401 737 569 806 inopinantes
589 734 754 802 induebant,¹
773 741 819 786 aut
843 733 871 786 in
890 732 993 787 scrobes

75 804 178 874 delapsi
199 805 447 875 transfodiebantur,
464 815 510 859 aut
529 823 564 858 ex
584 805 654 857 vallo
674 820 707 856 ac
725 802 841 855 turribus
861 800 992 873 transjecti

75 875 136 944 pilis
158 874 307 927 muralibus
329 874 481 929 interibant.
517 874 615 927 Multis
637 873 755 942 undique
780 871 937 925 vulneribus
953 888 993 924 ac·

75 944 168 1012 ceptis,
181 942 255 996 nulla
267 943 412 996 munitione
423 953 556 1023 perrupta,
569 960 655 1013 quum
672 941 720 994 lux
736 942 897 1010 appeteret,¹
909 940 989 1011 veriti,

74 1029 110 1066 ne
122 1012 157 1065 ab
175 1013 258 1064 latere
275 1021 366 1080 aperto
379 1014 604 1082 exsuperioribus
621 1012 715 1065 castris
732 1011 871 1080 eruptione
884 1011 994 1064 circum·

75 1083 237 1151 veniremus,
258 1098 287 1134 se
306 1083 341 1135 ad
361 1099 424 1136 suos
444 1090 611 1151 receperunt.
646 1084 682 1135 At
702 1081 860 1150 interiores·
879 1079 945 1134 dum
965 1095 994 1132 es

76 1168 146 1274 puae
164 1151 409 1220 aVercingetorige
426 1151 462 1205 ad
480 1153 647 1222 eruptionem
666 1158 824 1219 praeparata
844 1158 928 1218 erant,
942 1164 994 1219 pro·

88 1229 172 1290 erunt,
185 1221 294 1290 priores‘
305 1221 392 1274 fossas
409 1220 532 1290 explent,
550 1219 651 1273 diutius
668 1219 696 1271 in
715 1219 749 1271 iis
769 1219 850 1273 rebus
870 1218 994 1273 adminis-

77 1290 177 1344 trandis
189 1291 291 1359 morati,
305 1291 378 1360 prius
391 1307 453 1343 suos
470 1289 625 1342 discessisse
638 1297 826 1358 cognoverunt,
839 1304 923 1358 quam
940 1304 994 1341 mu·

76 1360 221 1414 nitionibus
240 1360 488 1430 appropinquarent.
524 1359 572 1430 Ita,
585 1375 613 1411 re
635 1358 741 1428 infecta,
764 1358 792 1410 in
811 1358 942 1427 oppidum
959 1373 995 1410 re·

76 1438 221 1483 verterunt.

112 1505 154 1553 8³.
174 1500 219 1553 Bis
235 1516 333 1568 magno
348 1516 412 1553 cum
430 1498 590 1552 detrimento
610 1496 707 1566 repulsi
727 1495 807 1566 Galli,
826 1495 891 1576 quid
909 1504 994 1566 agant,

76 1570 233 1622 consulunt:
253 1570 370 1623 locorum
384 1569 481 1639 peritos
493 1568 634 1620 adhibent:
654 1567 689 1621 ab
701 1565 743 1619 his
755 1581 924 1634 superiorum
941 1581 996 1618 cas·

77 1648 176 1692 trorum
194 1640 259 1691 situs
277 1639 489 1708 munitionesque
508 1645 679 1706 cognoscunt.
717 1636 779 1688 Erat
796 1653 814 1687 a
832 1635 997 1705 septemtrio·

76 1709 156 1761 nibus
174 1709 256 1778 collis,
270 1726 352 1778 quem
371 1717 476 1778 propter
488 1706 700 1775 magnitudinem
713 1705 838 1757 circuitus
850 1721 932 1774 opere
951 1704 995 1757 cir-

77 1778 221 1847 cumplecti
243 1795 293 1830 non
315 1786 454 1847 potuerant
474 1777 562 1846 nostri,
577 1775 727 1828 necessario
748 1790 781 1826 ue
801 1790 888 1843 paene
908 1774 996 1853 iniquo

77 1845 135 1899 loco
159 1857 186 1901 et
210 1847 305 1900 leniter
327 1846 427 1900 declivi
450 1855 536 1899 castra
559 1845 687 1898 fecerant.
724 1791 798 1896 llaec
818 1843 997 1897 C.Antist1us

77 1916 195 1982 Reginus
215 1925 242 1968 et
261 1917 290 1968 C.
305 1916 431 1969 Caninius
449 1915 567 1984 Rebilus,
580 1915 668 1983 legati,
682 1931 743 1966 cum
764 1912 870 1966 duabus
890 1912 997 1980 legioni·

78 1984 129 2036 bus
145 1982 310 2035 obtinebant.
358 1984 476 2052 Cognitis
493 2001 540 2052 per
552 1984 731 2052 exploratores
743 1982 902 2050 regionibus,
916 1983 998 2035 duces

77 2053 195 2105 hostium
207 2069 251 2104 Lx.
264 2051 340 2103 milia
351 2069 386 2104 ex
397 2052 470 2104 omni
481 2068 593 2104 numero
613 2050 734 2120 deligunt
746 2068 839 2105 earum
850 2050 997 2121 civitatum,

76 2139 146 2191 qnae
167 2121 313 2173 maximam
333 2120 437 2173 virtutis
456 2120 618 2200 opinionem⁶
637 2120 788 2190 habebant3
824 2121 871 2174 uid
890 2137 996 2190 quoque

77 2192 164 2261 puoto⁸
175 2191 218 2259 agi
232 2190 344 2259 placeat,
358 2189 462 2243 occulte
474 2198 543 2242 rnter
555 2207 585 2244 se
596 2192 775 2260 constituunt5
793 2138 920 2243 adeundi*
933 2198 999 2243 tem·

77 2278 128 2331 pus
146 2259 284 2330 definiunt,
298 2277 382 2330 quum
403 2260 530 2313 meridies
544 2277 605 2314 esse
617 2260 747 2313 videatur.
783 2259 821 2313 Iis
838 2260 923 2331 copiis
935 2259 999 2313 Ver·

76 2331 257 2399 gasillaunum
276 2333 434 2400 Arvernum,
455 2347 540 2384 unum
560 2347 595 2383 err
618 2338 730 2399 quatuor
752 2328 874 2400 ducibus,
895 2329 998 2409 propin·

77 2417 162 2470 quum
185 2400 414 2471 Vercingetorigis,
435 2400 599 2470 praeficiunt.
646 2399 696 2452 Ille
726 2415 760 2451 err
789 2398 884 2451 castris
913 2414 999 2468 prims

106 2536 114 2564 ¹
124 2535 171 2583 See
182 2535 223 2583 vii.
235 2537 273 2591 73,
286 2543 356 2582 notes
368 2537 379 2582 1
391 2532 469 2582 and2.

104 2608 275 2669 'Respecting
285 2616 401 2675 appetere,
414 2622 456 2655 see
467 2607 499 2655 vi.
511 2609 550 2663 35,
563 2615 620 2655 note
631 2610 654 2654 2.

105 2681 251 2730 'Interiores
263 2696 303 2728 are
314 2680 384 2728 those
395 2680 503 2728 enemies
514 2680 571 2728 who
582 2695 646 2728 were
657 2678 682 2727 in
693 2678 735 2727 the
746 2688 813 2727 town
823 2678 853 2728 of
859 2678 954 2728 Alesia.

104 2758 113 2785 ⁴
125 2755 210 2802 Before
224 2756 316 2816 priores
328 2753 417 2810 (which
428 2753 449 2801 is
460 2769 474 2801 u
484 2753 642 2810 nominative,
654 2752 702 2801 and
718 2760 760 2800 not
774 2768 805 2800 au
817 2752 964 2807 accusative)
976 2760 996 2802 et

76 2825 141 2864 must
158 2816 188 2861 he
205 2812 360 2867 understood,
374 2812 455 2860 which
467 2812 559 2860 Caesar
576 2812 639 2860 lilres
651 2821 676 2860 to
686 2811 757 2869 omit,
770 2820 795 2860 to
810 2812 883 2860 make
901 2812 940 2861 his
956 2811 996 2860 de·

75 2874 204 2934 scriptione
216 2887 281 2919 more
293 2870 359 2918 vivid
370 2871 416 2918 and
427 2871 557 2919 animated.

104 2950 113 2977 ³
127 2946 215 3053 Opirpio
231 2943 288 3026 here
304 2943 348 2990 hus
359 2958 374 2990 a
384 2943 481 3002 passive
497 2944 625 3005 meaning:
646 2944 716 2992 ‘who
727 2958 791 2992 were
808 2943 921 2993 believed
931 2953 956 2992 to
966 2944 996 2992 be

76 3019 139 3057 most
150 3022 180 3054 va
190 3019 270 3052 orcus.

104 3083 113 3109 ⁸
125 3080 191 3142 Quid
204 3095 235 3186 pu
266 3095 295 3126 ue
309 3084 383 3138 pacto,
399 3075 480 3122 ‘what
491 3090 542 3122 was
554 3086 579 3123 to
590 3078 621 3144 be
632 3074 703 3132 done,
716 3074 764 3123 and
780 3074 805 3122 in
816 3075 886 3123 what'
898 3088 997 3124 manner

75 3138 93 3186 it
105 3155 156 3187 was
168 3151 193 3187 ro
221 3154 234 3186 e
262 3137 325 3184 one.’
357 3135 459 3183 Pactam
477 3135 589 3194 properly
601 3150 621 3182 rs
639 3150 669 3182 an
687 3144 829 3194 agreement
846 3150 874 3183 or
889 3141 995 3184 contrect

75 3198 238 3257 determining
248 3196 289 3244 the
301 3203 386 3244 nature
397 3209 425 3243 or
436 3208 536 3242 manner
547 3193 575 3240 of
583 3193 731 3254 something.

66 3271 254 3377 m'lssdearrdoe
275 3268 328 3317 that
348 3267 379 3325 is,
401 3268 618 3330 appropinquandi,
641 3281 669 3315 or
689 3267 848 3330 aggrediendi
853 3283 865 3325 ,·
888 3265 985 3328 uamsly
