2146 3704
447 116 540 160 urana
561 116 600 159 rr.
707 130 709 133 ·
935 95 1001 156 1652

68 225 136 280 citus
153 223 267 281 Romani
286 225 444 298 postulabat,
464 228 539 281 locus
557 227 616 296 ipse
633 233 691 280 erat
710 221 843 295 praesidio
862 223 991 293 barbaris,

68 312 158 366 neque
175 312 210 349 ex
227 297 331 349 occulto
349 296 492 351 insidiandi
505 306 532 350 et
544 296 678 366 dispersos
696 293 921 348 circumveniendi
940 294 994 346 sin·

67 366 139 435 gulis
150 364 243 418 deerat
254 365 376 419 audacia.
412 369 448 420 At
460 368 488 420 in
500 365 632 437 ejusmodi
645 364 853 431 difficultatibus,
863 371 994 432 quantum

68 435 208 504 diligentia
230 435 362 504 provideri
385 444 495 506 poterat,
512 435 721 505 providebatur,
745 442 774 486 nt
795 433 883 503 potius
902 433 930 484 in
948 448 994 485 no·

68 505 155 558 cendo
166 504 269 574 aliquid
282 506 455 574 omitteretur,
469 503 520 559 etsi
531 505 654 558 omniurn
665 503 749 557 animi
760 503 795 556 ad
807 500 992 556 ulciscendum

67 573 206 643 ardebant,
227 591 311 642 quarn
333 591 397 628 cum
416 575 507 644 aliquo
527 574 687 627 detrimento
707 573 826 627 militum
845 580 994 624 noceretur.

69 644 168 696 Caesar
185 641 220 695 ad
239 643 367 696 finitimas
386 645 510 697 civitates
527 644 639 696 nuncios
658 643 776 713 dimittit,
795 641 890 695 omne's
908 639 943 693 ad
964 655 994 692 se

69 723 164 766 evocat
189 728 236 782 spe
256 712 381 782 praedae,
400 713 436 767 ad
456 712 620 784 diripiendos
641 713 789 783 Eburones,
810 720 839 765 ut
859 711 947 780 potius
967 708 995 763 in

69 781 146 835 silvis
168 780 306 835 Gallorum
328 782 391 851 vita,
416 799 498 853 quam
521 782 792 850 legionariustrniles¹
814 781 979 852 periclitetur
985 794 994 848 3

69 850 152 904 simul
178 860 215 920 ut,
237 868 336 919 magna
354 852 525 906 multitudine
547 852 716 922 circumfusa,
738 869 784 922 pro
809 851 856 905 tali
876 851 995 904 facinore

70 922 150 990 stirps
160 937 194 973 ac
206 937 302 973 nomen
316 920 430 974 civitatis
448 922 560 975 tollatur.
597 922 716 991 Magnus
733 921 851 991 undique
866 936 996 975 numerus

70 989 195 1044 celeriter
206 990 339 1042 convenit.

105 1065 148 1112 35.
166 1058 241 1112 Haec
253 1059 281 1111 in
292 1060 417 1113 omnibus
434 1061 590 1115 Eburonum
601 1060 722 1131 partibus
744 1059 912 1130 gerebantur,
925 1058 996 1128 dies-

70 1128 997 1201 queappetebat²septimus,quemaddiemCaesaradimpedimenta

71 1199 260 1268 legionemque
279 1199 375 1251 reverti
393 1201 573 1253 constituerat.
609 1202 668 1271 Hic,
682 1210 811 1270 quantum
823 1201 850 1253 in
862 1201 933 1255 bello
945 1199 996 1252 for-

71 1277 137 1322 tuna
154 1270 237 1338 possit
249 1276 276 1321 et
292 1277 405 1338 quantos
422 1270 517 1322 afferat
535 1287 621 1338 casus,
641 1270 766 1337 cognosci
783 1270 876 1340 potuit.
913 1269 997 1322 Dissi-

72 1339 142 1410 patis
158 1355 192 1391 ac
210 1338 355 1408 perterritis
373 1337 501 1407 hostibus,
514 1346 542 1390 ut
560 1338 812 1407 demonstravimus,
825 1355 922 1391 manus
940 1345 998 1391 erat

71 1408 153 1478 nulla,
175 1424 244 1476 quae
264 1425 373 1477 parvam
398 1408 478 1460 modo
502 1424 611 1460 causam
636 1407 736 1460 timoris
759 1406 876 1460 afferret.
912 1408 998 1461 Trans

71 1479 198 1534 Rhenum
214 1477 248 1529 ad
263 1478 415 1532 „Germanos
432 1478 552 1548 pervenit
571 1476 652 1545 sama,
665 1477 741 1546 diripi
760 1477 901 1530 Eburones
917 1484 997 1546 atque

72 1547 149 1601 ultro¹
160 1563 255 1599 omnes
266 1546 300 1599 ad
313 1545 441 1615 praedam
460 1546 573 1600 evocari.
610 1547 712 1615 Cogunt
724 1546 846 1614 equiturn
857 1546 910 1599 duo
923 1546 997 1600 milia

72 1616 212 1686 Sigambri,
236 1616 283 1686 qui
307 1624 368 1669 sunt
391 1617 503 1687 proximi
532 1616 633 1686 Rheno,
658 1633 675 1668 a
698 1615 796 1686 quibus
819 1623 940 1685 receptos
964 1633 998 1672 ex

73 1686 137 1755 suga
156 1686 303 1739 Tencteros
325 1695 407 1755 atque
427 1686 552 1755 Usipetes
573 1703 651 1758 supra
669 1685 810 1738 docuimus
820 1684 838 1736 :⁴
860 1693 998 1739 transeunt

73 1756 198 1810 Rhenum
213 1754 340 1808 navibus
366 1756 526 1828 ratibusque,
544 1775 608 1810 xxx.
635 1755 744 1809 milibus
772 1771 900 1825 passuum
930 1755 999 1809 infra

74 1842 136 1878 eum
149 1825 247 1893 locum,
257 1825 303 1878 ubi
316 1835 445 1893 ponserat
457 1826 602 1896 perfectus⁶
610 1825 828 1896 praesidiumque
839 1826 875 1879 ab
883 1827 998 1879 Caesare

73 1895 211 1948 relictum:
236 1894 345 1963 primos⁶
364 1896 518 1949 Eburonum
540 1897 608 1950 fines
628 1897 736 1966 adeunt,
758 1896 857 1949 multos
875 1914 909 1948 ex
927 1896 999 1964 fuga⁷

74 1964 208 2034 dispersos
225 1964 368 2034 excipiunt,
382 1983 478 2034 magno
497 1967 600 2036 pecoris
617 1983 737 2035 numero,
751 1965 829 2018 cu'us
847 1976 908 2019 sunt
926 1966 999 2036 cupi·

73 2033 178 2087 dissimi
204 2033 316 2102 barbari,
343 2035 485 2102 potiuntur.
529 2036 637 2088 Invitati
661 2036 761 2105 praeda
796 2036 890 2104 angius
909 2052 1000 2105 proce·

74 2102 155 2157 dunt:
175 2120 227 2155 non
241 2102 290 2155 hos
302 2103 387 2172 palus,
402 2103 428 2156 in
448 2103 519 2156 bello
538 2104 735 2173 latrociniisque
754 2113 837 2174 natos,
850 2122 902 2157 non
915 2105 1000 2159 silvae

74 2181 228 2226 morantur:
247 2171 346 2241 quibus
365 2172 391 2225 iu
409 2173 474 2225 locis
493 2173 527 2226 sit
546 2174 651 2242 Caesar,
671 2191 706 2226 ex
722 2174 836 2241 captivis
853 2183 1000 2243 quaerunt,

74 2242 224 2313 profectum
234 2241 339 2309 longius
357 2243 488 2312 reperiunt
507 2259 669 2311 omnemque
682 2244 829 2295 exercitum
841 2242 1000 2296 discessisse

74 2321 246 2381 cognoscunt.
283 2313 372 2380 Atque
390 2329 460 2365 unus
479 2329 513 2364 ex
532 2313 651 2380 captivis,
664 2311 729 2381 quid
742 2329 796 2380 vos,
817 2312 910 2381 inquit,
929 2312 1001 2365 hanc

74 2383 201 2434 miseram
213 2398 245 2432 ac
259 2388 367 2433 tenuem
385 2381 525 2433 sectamini
536 2381 673 2449 praedam,
687 2379 785 2449 quibus
796 2379 859 2432 licet
870 2380 926 2451 jam
939 2398 1000 2434 esse

74 2450 310 2504 fortunatissimisl
351 2450 447 2503 Tribus
470 2449 541 2502 horis
564 2449 734 2502 Aduatucam
757 2450 848 2502 venire
872 2451 998 2519 potestis:

104 2579 178 2627 ¹The
197 2579 345 2627 nominative
364 2581 511 2686 lefionarius
529 2581 596 2627 miles
612 2579 633 2627 is
652 2595 667 2627 a
682 2578 747 2627 brief
759 2579 805 2627 and
821 2580 917 2628 concise
928 2580 1000 2629 mode

74 2638 102 2685 os
114 2639 241 2699 speaking,
256 2638 350 2686 instead
365 2655 380 2686 o

74 2700 166 2746 militis.

102 2771 239 2833 'Appetere
249 2762 358 2831 signitics
372 2776 411 2819 ‘to
422 2771 561 2830 approach,'
574 2772 706 2834 especially
717 2773 742 2820 in
752 2773 873 2821 reference
885 2783 910 2820 to
921 2772 989 2821 time.

103 2843 195 2892 ’Ultro
213 2844 330 2892 indicates
347 2843 399 2892 that
419 2860 466 2904 any
482 2860 527 2892 one
544 2845 622 2907 might
641 2862 719 2903 come,
737 2846 839 2894 without
855 2847 929 2906 being
944 2859 1013 2904 sper

74 2902 147 2964 oially
159 2903 319 2951 commanded
329 2919 357 2952 or
367 2903 445 2952 called
456 2920 528 2964 upon.

103 2977 113 3006 ⁴
123 2975 170 3023 See
181 2976 213 3023 iv.
227 2978 262 3023 16.

103 3050 114 3078 ⁶
126 3047 247 3109 Perfectus
258 3048 316 3097 here
327 3049 348 3096 is
359 3048 401 3096 the
412 3066 479 3098 same
491 3067 517 3100 as
526 3053 611 3113 factus
622 3066 649 3098 or
660 3058 803 3098 cestr-nactus.

104 3120 232 3178 ‘Primam
250 3121 344 3178 thetis,
358 3121 428 3170 those
440 3124 521 3172 which
532 3140 596 3173 were
608 3132 703 3172 nearest
716 3132 742 3171 to
753 3123 828 3171 thern.

106 3193 241 3256 'Ecsuga
255 3194 436 3258 ‘immediately
447 3196 525 3258 after,’
533 3201 566 3249 'or
579 3199 621 3249 ‘in
629 3213 800 3260 consequence
807 3195 1003 3254 uidudahxgmt

408 2639 449 2687 the
466 2654 533 2686 more
552 2638 639 2699 logical
655 2640 796 2698 expression
807 2642 857 2688 cito
873 2641 1000 2703 legionarii
