2146 3704
73 207 114 269 et
307 251 310 256 -
374 225 416 266 ns
437 225 534 266 nunno
555 223 693 265 uranico.

73 334 185 390 liberius
201 340 283 403 atque
301 333 440 387 audacius.
478 334 583 388 Eadem
607 341 711 386 secreto
734 332 770 386 ab
794 332 854 386 aliis
878 334 983 403 quaerit
990 349 999 404 ;

73 405 170 475 reperit
188 420 249 457 esse
261 419 339 457 vera:
358 404 448 472 ipsum
455 420 527 455 :esse
539 402 738 472 Dumnorigem,
753 419 860 455 summa
877 403 998 474 audacia,

73 491 172 542 magua
195 473 267 543 apud
291 473 399 542 plebem
424 481 529 543 propter
547 472 735 526 liberalitatem
759 475 851 541 gratia,
871 473 1001 541 cupidum

74 560 162 596 rerum
175 559 319 596 novarum:
338 542 490 611 complures
501 559 585 595 annos
603 543 717 612 portoria
736 542 891 610 reliquaque
910 544 1001 595 omnia

73 614 230 667 Aeduorum
243 612 384 680 vectigalia
395 628 475 682 parvo
488 612 571 681 pretio
589 611 728 680 redempta
740 610 848 680 habere,
862 620 1002 680 propterea

73 683 145 752 quod
158 683 202 735 illo
214 683 312 735 licente
325 692 415 734 contra
427 681 501 734 liceri
512 681 612 734 audeat
624 697 713 734 nemo.
732 681 780 733 His
792 681 872 734 rebus
884 690 911 734 et
924 698 1002 737 suam

74 768 132 805 rem
144 752 304 804 familiarem
317 752 425 804 auxisse
443 761 471 804 et
489 751 633 804 facultates
650 752 686 804 ad
705 750 871 820 largiendum
889 766 1003 820 magnas

74 837 259 890 comparasse,
276 837 405 889 magnum
415 837 558 874 numerum
567 822 703 890 equitatus
715 837 763 873 suo
776 829 885 889 sumptu
894 836 1003 890 semper

74 891 147 943 alera
160 898 187 942 et
198 892 302 943 circum
314 906 343 942 se
355 889 464 960 habere,
478 906 566 960 neque
578 891 665 945 solum
677 890 758 960 domi,
772 889 819 943 sed
832 891 915 943 etiam
928 890 1001 959 apud

74 959 202 1013 finitimas
213 961 338 1026 civitates
349 959 457 1028 largiter
468 962 557 1028 posse²
568 967 649 1029 atque
665 959 746 1030 hujus
761 961 907 1030 potentiae²
919 976 1003 1012 eausa

74 1039 189 1082 matrem
203 1031 231 1082 in
242 1028 406 1097 Biturigibus
417 1027 518 1081 homini
530 1029 585 1082 illic
597 1029 763 1083 nobilissimo
773 1047 806 1082 ac
817 1029 1003 1099 potentissimo

74 1099 227 1169 collocasse,
246 1101 336 1168 ipsum
360 1114 395 1151 ex
413 1097 544 1151 Helvetiis
570 1115 681 1152 uxorem
706 1098 814 1168 habere,
834 1115 950 1151 sororem
969 1114 1004 1151 ex

74 1179 160 1221 matre
173 1178 200 1222 et
212 1168 374 1238 propinquas
385 1184 448 1221 suas
460 1176 573 1238 nuptum
586 1169 613 1220 in
625 1168 692 1220 alias
704 1168 827 1221 civitates
838 1168 1003 1221 collocasse.⁸

75 1236 177 1291 Favere
201 1246 228 1290 et
252 1254 351 1306 cupere
370 1237 501 1290 Helvetiis
518 1245 623 1307 propter
640 1254 702 1290 eam
720 1237 894 1307 adfinitatem,
913 1238 1003 1290 odisse

75 1307 157 1360 etiam
170 1323 218 1360 suo
230 1307 348 1359 nornine⁴
359 1307 503 1360 Caesarem
512 1316 539 1359 et
547 1308 686 1376 Romanos,
699 1308 770 1375 quod
778 1323 873 1360 eorum
884 1306 1003 1360 adventu

76 1377 195 1446 potentia
206 1375 265 1445 ejus
276 1375 416 1429 deminuta
428 1384 455 1428 et
467 1376 614 1429 Divitiacus
626 1376 707 1428 frater
718 1377 744 1429 in
756 1376 812 1428 anti
832 1393 897 1429 uum
910 1376 1002 1430 locum

75 1446 175 1514 gratiae
187 1455 269 1516 atque
281 1444 387 1498 honoris
398 1446 432 1498 sit
444 1446 590 1499 restitutus.
627 1446 654 1498 Si
667 1446 732 1515 quid
751 1393 856 1499 accidat
868 1446 1001 1515 Romanis,

75 1532 212 1569 summam
232 1517 259 1568 in
277 1532 353 1584 spem
373 1532 421 1585 per
433 1515 571 1569 Helvetios
589 1515 663 1584 regni
675 1515 813 1568 obtinendi
825 1517 932 1568 venire:
942 1515 1001 1568 im·

76 1587 149 1655 perio
166 1585 257 1655 populi
275 1585 387 1639 Romani
406 1601 457 1637 non
476 1585 555 1638 modo
573 1585 608 1638 de
626 1601 714 1653 regno,
735 1584 784 1637 sed
807 1585 889 1638 etiarn
907 1584 942 1637 de
961 1601 1002 1654 ea,

75 1671 159 1724 quam
177 1655 284 1725 habeat,
303 1654 390 1722 gratia
407 1654 559 1722 desperare.
596 1654 757 1724 Reperiebat
774 1655 858 1707 etiam
876 1656 1004 1723 inquae-

75 1724 158 1777 raudo
175 1725 281 1794 Caesar,
299 1723 372 1793 quod
389 1724 520 1793 proelium
538 1734 662 1793 equestre
680 1724 824 1777 adversum
836 1725 928 1794 paucis
940 1732 1004 1776 ante

75 1793 173 1847 diebus
189 1803 261 1846 esset
279 1794 389 1861 factum,
403 1793 506 1846 initium
526 1793 586 1863 ejus
597 1793 688 1862 sugae⁵
699 1792 800 1846 factum
812 1810 828 1844 a
840 1793 1003 1860 Dumnorige

75 1871 157 1931 atque
183 1862 244 1931 ejus
267 1862 403 1932 equitibus
421 1863 496 1934 (narn
515 1863 653 1932 equitatui,
673 1879 755 1933 quem
779 1862 878 1914 auxilio
896 1861 1004 1913 Caesari

75 1931 165 1985 Aedui
183 1932 320 2011 miserant,
340 1930 487 1984 Dumnorix
505 1933 644 2004 praeerat),
664 1949 757 1985 eorum
780 1931 845 2000 fuga
870 1930 1003 1999 reliquum

76 2017 166 2054 essee
185 2010 299 2054 artatum
311 2001 489 2069 perterritum.
554 2061 556 2064 ,

114 2076 154 2124 19.
198 2070 277 2123 uibus
295 2071 375 2122 rebus
387 2071 505 2141 cognitis,
519 2087 582 2124 cunr
595 2071 630 2124 ad
643 2069 692 2123 has
704 2069 871 2140 suspiciones
888 2067 1004 2121 certissi-

76 2157 138 2193 mae
165 2156 208 2192 res
233 2139 401 2208 accederent,
420 2140 491 2209 quod
514 2157 563 2210 per
579 2141 648 2194 fines
665 2140 848 2209 Sequanorum
867 2138 1005 2192 Helvetios

77 2209 244 2278 traduxisset,
257 2209 329 2278 quod
347 2209 456 2262 obsides
473 2210 541 2262 inter
558 2226 604 2262 eos
621 2209 724 2262 dandos
741 2217 868 2278 curasset,
882 2209 951 2277 quod
971 2224 1005 2260 ea

75 2279 167 2332 omnia
183 2294 237 2331 non
255 2278 335 2332 modo
353 2278 456 2348 injussu
475 2296 523 2332 suo
536 2288 563 2332 et
575 2279 698 2349 civitatis,
712 2277 761 2331 sed
774 2278 1004 2331 etiaminsoienti-

16 2398 23 2407 x
75 2348 128 2402 bus
144 2348 211 2418 ipsis
229 2348 346 2418 fecisset,
359 2348 430 2416 quod
449 2365 466 2402 a
483 2350 641 2418 magistratu
652 2348 807 2402 Aeduorum
825 2356 1003 2416 accusaretur,

77 2418 142 2472 satis
158 2435 221 2472 esse
232 2434 331 2472 causae
348 2415 532 2489 arbitrabatur,
545 2435 628 2488 quare
640 2418 668 2470 in
680 2434 743 2470 eum
756 2425 802 2470 aut
814 2417 872 2486 ipse
884 2415 1005 2470 animad-

75 2494 200 2558 verteret,
213 2495 260 2541 aut
277 2487 417 2542 civitatem
433 2486 777 2557 animadvertere-juberet.
813 2486 863 2539 His
881 2486 1006 2539 omuibus

76 2557 167 2611 rebus⁰
178 2575 263 2611 unum
281 2558 453 2628 repugnabat,
472 2558 545 2627 quod
562 2557 687 2610 Divitiaci
705 2555 794 2609 fratris
818 2573 957 2609 summurn
976 2556 1005 2608 in

78 2679 116 2687 ..-

107 2737 239 2801 ¹Lorgiter
245 2757 323 2802 posse,
337 2749 363 2788 to
373 2740 435 2789 have
447 2748 515 2802 great
526 2740 654 2789 influcnce.

105 2827 116 2856 ¹
126 2827 242 2888 Namely‚
255 2831 386 2890 augendae.

106 2914 116 2943 ⁸
128 2912 246 2961 Collocare
256 2916 291 2969 iu,
303 2916 441 2975 commonly
448 2915 508 2963 with
518 2915 561 2962 the
572 2913 687 2970 ablativc,
697 2930 723 2962 us
735 2915 825 2970 above;
840 2912 951 2961 bothero
961 2914 1003 2962 the

78 2988 158 3021 accus.
170 2972 253 3021 shows
265 2973 318 3021 that
327 2977 438 3023 collocare
448 2975 500 3022 also
511 2973 607 3035 implies
619 2974 661 3021 tha
672 2973 756 3021 notion
766 2972 794 3020 of
803 2977 809 2998 ‘
817 2972 937 3033 sending.¹

63 3084 69 3094 ·
106 3061 117 3090 ⁴
127 3061 179 3108 ‘On
189 3060 227 3108 his
238 3076 295 3109 own
305 3061 398 3121 private
409 3061 529 3109 account.¹

107 3147 197 3209 ‘Fuga
208 3147 229 3195 is
240 3147 298 3195 here
309 3148 369 3196 used
380 3147 416 3197 for
424 3149 549 3211 proelium,
562 3147 604 3196 the
615 3146 681 3195 main
691 3147 758 3206 point
769 3146 798 3196 os
805 3146 847 3195 the
857 3146 936 3195 battle
947 3145 1006 3194 here

79 3213 105 3256 to
115 3207 146 3254 be
157 3206 299 3255 considered
310 3207 383 3268 being
394 3206 436 3256 the
446 3206 525 3268 ssight.

104 3291 246 3349 ‘Namelffi
262 3292 348 3350 aaron,
358 3293 399 3342 led
417 3301 443 3342 to
459 3292 501 3342 the
518 3290 658 3342 conclusion
672 3291 725 3340 that
740 3291 876 3341 Dumnorix
891 3298 957 3340 must
973 3290 1006 3340 bo
