2146 3704
471 273 562 315 ursus
581 276 603 318 1.
890 310 892 314 .
958 263 999 321 tu

109 385 152 434 ³2.
170 381 232 434 Hac
250 380 365 435 oratione
384 382 420 437 ab
436 383 568 438 Divitiace
584 383 678 438 habita
695 399 797 455 enites,
811 385 858 455 qui
876 387 996 456 aderant,

75 467 172 520 magno
185 451 253 504 fletu
264 450 395 506 auxilium
411 469 429 504 a
440 453 555 507 Caesare
569 461 661 523 petere
679 464 832 523 coeperunt.
867 458 996 511 Animad-

74 521 153 574 vertit
168 521 347 574 Caesarunos
364 539 398 575 ex
416 523 542 576 omnibns
559 523 695 592 Sequanos
712 523 779 577 nihil
797 541 889 579 earurn
907 544 997 581 rerum

74 589 172 670 lacere,
185 605 254 659 quas
271 591 354 643 ceteri
367 590 494 662 lacerent,
508 592 555 646 sed
568 593 656 646 tristes
670 593 757 662 capite
770 593 886 646 demisso
899 603 998 650 terram

74 659 181 712 intueri.
218 659 286 729 Ejus
297 660 335 712 rei
347 677 417 730 quae
436 678 519 714 causa
531 670 610 732 esset,
623 662 735 715 miratus
747 680 782 716 ex
794 662 860 732 ipsis
872 665 996 732 quaesiit.

72 728 148 783 Nihil
164 729 282 798 Sequani
300 731 479 801 respendere,¹
492 729 539 783 sed
559 732 586 784 in
605 731 703 784 eadem
721 732 826 785 tristitia
844 733 918 786 taciti
938 750 996 803 per·

73 814 193 852 manere.
228 799 297 851 Curn
309 799 344 853 ab
357 799 401 852 his
418 800 526 880 saepius
537 809 679 869 quaereret
691 817 779 870 neque
792 801 876 854 ullam
888 803 997 855 omnino

73 883 169 921 vocem
187 868 336 937 exprimere
353 877 451 938 posset,
464 869 538 923 idem
550 870 699 923 Divitiacus
713 871 827 924 Aeduus
844 872 995 941 respondit:

73 938 133 990 uoc'
152 952 214 989 esse
237 937 404 990 miseriorem
427 946 455 990 et
477 939 625 1007 graviorem
649 938 783 994 fortunam
804 940 995 1011 Sequanorum,

72 1022 155 1074 quam
167 1005 338 1075 reliquorum,
348 1007 420 1075 quod
432 1008 480 1060 soli
493 1025 528 1061 ne
539 1009 566 1062 in
577 1008 682 1062 occulto
694 1010 804 1078 quidem
817 1012 893 1079 queri
905 1028 995 1080 neque

71 1074 203 1127 auxilium
221 1075 361 1144 implorare
379 1076 516 1146 auderent,
529 1078 702 1147 absentisque
715 1080 841 1133 Ariovisti
852 1081 995 1134 crudelita-

71 1152 136 1213 tem,
145 1143 221 1197 velut
233 1146 355 1198 siceram
366 1145 481 1217 adesset,
492 1146 644 1216 horrerent3
655 1157 796 1227 propterea
804 1150 875 1218 quod
884 1149 996 1218 reliquis

71 1214 173 1266 tamen⁸
190 1213 271 1282 fugae
289 1213 404 1268 facultas
421 1215 536 1287 daretur,
550 1217 681 1286 Sequanis
698 1233 768 1288 vero,
781 1218 829 1287 qui
846 1218 915 1271 intra
926 1219 996 1271 fines

72 1298 134 1335 suos
141 1283 308 1337 Ariovistum
316 1285 486 1356 recepissent,
496 1303 610 1356 quorum
622 1287 719 1356 oppida
727 1289 817 1341 omnia
825 1288 853 1342 in
861 1295 994 1358 potestate

70 1351 131 1421 ejus
142 1360 241 1422 essent,
255 1369 349 1405 ornnes
361 1354 494 1408 eruciatus
506 1364 597 1408 essent
627 1355 769 1409 erlerendi.

105 1424 147 1472 ³3.
165 1421 215 1473 His
231 1421 312 1475 rebus
328 1423 440 1491 cognitis
452 1425 549 1476 Caesar
560 1373 699 1478 GalYorum
710 1425 814 1477 animos
826 1425 915 1478 verbis
932 1442 994 1478 eon-

69 1489 185 1543 firmavit
197 1489 384 1561 pollicitusque
402 1501 444 1545 est
456 1493 507 1545 sibi
519 1510 580 1546 earn
592 1510 650 1545 rem
668 1508 748 1544 curae
766 1492 900 1546 futurem:
919 1510 994 1562 mag·

69 1574 134 1612 nam
146 1576 176 1612 se
188 1558 288 1614 habere
301 1578 377 1631 spem
390 1569 416 1613 et
425 1561 566 1614 beneficio⁴
577 1577 625 1614 suo
637 1568 665 1612 et
676 1562 833 1613 auctoritate
845 1561 994 1615 adductum

69 1629 235 1682 Ariovistum
244 1630 326 1682 finem
339 1629 442 1700 injuriis
453 1629 596 1683 facturum.
632 1629 691 1682 Hac
703 1629 820 1691 oratione
832 1629 924 1684 habita
932 1648 982 1686 eon

69 1696 163 1751 cilium
180 1698 290 1751 dimisit.
327 1699 363 1752 Et
381 1699 531 1753 secundum
549 1717 583 1752 ea
595 1698 696 1752 multae
709 1716 753 1752 res
771 1716 835 1752 eum
852 1699 983 1755 hortabau

70 1773 118 1838 tur,
131 1770 226 1846 quare‘
236 1767 286 1821 sibi
297 1784 358 1821 eam
370 1785 427 1821 rem
440 1769 610 1836 cogitandam
623 1777 650 1821 et
659 1768 858 1839 suscipiendam
871 1778 991 1840 putaret,

69 1835 210 1906 imprimis,
231 1836 302 1905 quod
326 1837 443 1908 Aeduos,
464 1838 558 1892 fratres
578 1837 843 1907 consanguineosque
862 1854 992 1908 saepenr·

68 1921 143 1958 mero
155 1923 172 1958 a
184 1915 278 1959 senatu
291 1907 446 1976 appellatos,
460 1909 486 1960 in
499 1909 626 1961 servitute
638 1916 719 1977 atque
731 1907 758 1961 in
770 1907 870 1961 ditione
883 1902 992 1965 vidales

67 1974 263 2029 Germanorum
275 1977 367 2045 teneri,
380 1993 527 2047 eorumque
545 1977 652 2031 obsides
671 1994 731 2031 esse
743 1978 815 2048 apud
827 1978 992 2032 Ariovistum

67 2060 101 2097 ac
119 2043 257 2114 Simnanos
274 2045 457 2114 intelligebat;
480 2047 552 2116 quod
570 2049 597 2100 in
616 2056 688 2100 tanto
705 2047 817 2116 imperio
834 2048 925 2118 populi
941 2049 992 2101 Ro·

68 2114 142 2166 mani
150 2113 333 2183 turpissimum
343 2115 393 2169 sibi
402 2124 429 2168 et
439 2117 476 2170 rei
484 2117 608 2186 publicae
617 2134 678 2169 esse
686 2116 871 2169 arbitrabatur.
897 2116 992 2170 Paula-

68 2182 118 2236 tim
141 2192 234 2237 autem
257 2185 405 2238 Germanos
428 2202 604 2239 consuescere
622 2186 747 2239 Rhenum
772 2187 892 2254 transire,
913 2194 940 2238 et
963 2185 991 2239 in

67 2251 184 2305 Galliam
197 2270 324 2321 magnam
344 2271 434 2307 eorum
448 2255 648 2308 multitudinem
661 2255 752 2307 venire
763 2256 860 2325 populo
872 2256 990 2309 Romano

68 2321 250 2390 periculosum
267 2323 392 2392 videbat,
411 2341 500 2393 neque
518 2324 569 2377 sibi
587 2324 711 2376 homines
728 2322 799 2376 leros
815 2341 848 2376 ec
866 2324 992 2377 barbares

68 2398 263 2461 temperaturos
275 2393 453 2462 existimabat,
467 2394 539 2463 quin,
552 2411 616 2446 curn
627 2410 736 2446 ornnem
748 2392 866 2445 Galliam
878 2410 991 2462 occupa·

69 2459 178 2531 sissent,
192 2470 221 2514 ut
238 2471 301 2515 ante
319 2462 419 2516 Cimbri
441 2463 610 2531 Teutonique
630 2463 764 2532 fecissent,
783 2462 811 2514 in
828 2463 990 2534 prouinciam

98 2632 107 2660 ¹
115 2630 267 2695 Respondere
276 2633 324 2683 and
331 2650 470 2696 permanere
480 2648 520 2680 are
529 2630 654 2680 historical
662 2646 689 2678 or
696 2630 841 2690 descriptiva
850 2629 991 2680 infinitives.

97 2719 176 2778 ‚¹Hoe,
189 2721 231 2769 the
242 2737 310 2770 seme
321 2737 348 2770 as
359 2730 434 2770 tanto.

98 2806 214 2856 'Temere
245 2808 333 2857 Before
354 2808 404 2856 this
424 2807 492 2856 word
510 2824 525 2856 a
544 2806 626 2855 clause
646 2805 666 2854 is
685 2805 842 2864 understood,
863 2805 923 2855 with
942 2807 991 2856 this

68 2867 197 2927 meaning:
216 2867 344 2928 Altheugh
360 2868 402 2915 the
418 2868 501 2915 others
518 2883 574 2926 may
585 2876 628 2914 not
639 2868 670 2914 be
681 2866 736 2913 able
747 2876 772 2914 to
783 2866 840 2914 take
851 2882 991 2936 vengeance

68 2939 100 2972 on
112 2925 262 2984 Ariovistus,
275 2942 303 2975 or
313 2927 385 2987 expel
396 2927 456 2980 him.
469 2927 520 2975 still
533 2931 627 2983 (temen)
639 2926 698 2986 they
709 2941 766 2986 may
777 2925 834 2974 take
846 2934 871 2973 to
882 2925 960 2986 flrght.

97 3012 172 3094 ‘Thq
188 3022 227 3062 act
243 3013 272 3062 el
286 3013 403 3083 kindness
419 3023 445 3062 te
461 3013 651 3083 whichUCaesar
665 3012 722 3060 herc
739 3012 833 3080 alludes
849 3012 886 3116 is,l
896 3010 949 3116 tpat
966 3011 990 3058 in

68 3069 990 3193 ittlts⁰ltl¹tl¹lrtlllltutlljtllaltilltltlntritt

70 3187 148 3240 friend
157 3190 186 3239 el
192 3191 234 3239 the
246 3191 343 3240 Roman
353 3192 447 3252 people.

98 3277 184 3327 ‘Thai
195 3279 225 3337 is,
238 3289 265 3328 ul
273 3289 405 3342 prepterea.
438 3278 485 3328 See
496 3294 519 3327 v.
531 3281 569 3326 31.
