2146 3704
75 242 117 304 ae
288 276 292 285 ·
380 262 422 304 na
443 260 542 303 aaran
560 261 698 305 simron.

75 369 155 442 longe
172 370 325 443 peritissimi
338 371 474 443 Aquitani,
488 381 629 445 propterea
645 371 717 443 quod
734 370 827 426 multis
842 369 909 426 locis
924 368 998 442 apud

75 457 124 494 ecs
147 442 266 496 aerariae
295 445 506 513 structuraeqne¹
529 451 590 496 sunt
620 442 666 496 ubi
689 442 827 512 diligentia
848 449 999 495 nostrornm

74 510 143 565 nihil
160 511 203 564 his
222 512 303 565 rebus
320 513 411 582 profici
434 530 513 583 posse
533 481 729 582 intellexerunt,
748 513 850 580 legatos
868 511 904 565 ad
923 512 1000 565 Cras·

75 597 138 635 sum
149 581 258 636 mittunt
276 598 360 651 seque
378 583 406 636 in
420 583 587 653 deditionem
603 590 633 636 ut
651 582 787 653 recipiant,
800 590 904 652 petunt.
941 581 1002 640 Qua

75 652 259 723 reimpetrata
270 668 346 705 arma
358 652 462 706 tradere
473 651 541 733 jussi
553 652 664 706 faciunt.
729 652 735 662 '

111 725 153 775 22.
172 723 262 791 Atque
274 722 303 774 in
316 737 350 773 ea
362 738 390 774 re
406 739 528 775 ommuni
540 731 688 776 nostrorum
705 721 815 775 intentis
831 717 930 774 animis
947 720 1001 773 alia

75 799 197 861 exparte
209 791 299 860 oppidi
312 791 464 844 Adiatnnus
484 793 531 861 qui
543 808 679 845 summam
692 790 797 862 imperii
809 790 927 856 tenebat,
936 806 1002 844 cum

75 875 120 913 nc.
138 859 250 930 devotis,
271 877 339 930 quos
358 860 396 913 illi
414 831 554 914 soldurios¹
574 878 610 931 ap
645 861 717 930 llant,
738 876 853 930 quorum
871 860 941 913 haec
960 867 1001 913 est

74 928 198 999 conditio,
211 938 240 983 ut
252 929 377 983 omnibus
389 931 417 983 irr
428 930 485 983 vita
496 946 586 984 comm
623 933 646 984 ia
664 947 719 984 una
735 929 855 984 cumbis
871 929 1000 998 fruantur,

74 1013 189 1068 quorum
206 1015 236 1052 sc
253 999 388 1052 amicitiae
406 999 564 1070 dediderint,
578 1000 601 1052 si
616 999 680 1069 quid
692 1000 736 1053 his
753 1000 870 1069 pervim
886 998 1001 1070 accidat,

74 1075 122 1120 aut
134 1067 253 1122 eundem
268 1085 363 1122 casum
375 1087 429 1123 una
441 1069 536 1139 ferant,
549 1077 596 1122 aut
614 1069 666 1123 sibi
683 1077 798 1123 mortem
816 1068 1001 1137 consciscant5

75 1151 166 1206 neque
182 1138 273 1191 adhuc
289 1137 430 1192 hominurn
448 1139 578 1193 memoria
596 1146 717 1208 repertus
734 1146 776 1192 eat
790 1139 943 1208 quisquam,
956 1139 1002 1207 qui

75 1221 109 1259 ec
127 1207 275 1278 interfecto,
291 1207 370 1277 cujus
388 1226 417 1262 se
434 1209 570 1262 amicitiae
587 1207 749 1279 devovisset,
764 1208 832 1261 mori
850 1215 1000 1261 recusaret:

36 1275 45 1293 ⁶
75 1291 140 1330 cum
151 1277 194 1331 his
205 1277 358 1331 Adiatunus
369 1279 537 1348 eruptionem
549 1278 639 1331 facere
651 1285 771 1347 conatus,
784 1277 901 1330 clamore
913 1275 949 1331 ab
966 1293 1001 1329 ea

74 1353 152 1416 parte
164 1348 317 1400 munitionis
328 1347 441 1418 sublato,
454 1365 517 1401 curn
535 1347 570 1401 ad
587 1364 664 1401 arma
680 1347 781 1401 milites
798 1347 1002 1416 concurrissent,

74 1415 307 1488 vehementerque
329 1417 367 1472 ibi
390 1425 540 1488 pugnaturn
566 1426 646 1486 esset,
671 1417 795 1487 repulsus
819 1417 847 1469 in
872 1433 908 1486 op
927 1416 1004 1470 idum

77 1492 168 1568 tamen
188 1487 228 1568 uti
250 1488 348 1541 eadem
368 1487 514 1542 deditionis
532 1486 684 1541 conditione
702 1495 829 1557 uteretur,
851 1486 887 1540 ab
905 1433 1003 1539 grasso

75 1565 263 1680 mgmAilrtnis
278 1627 470 1698 obsidibusque
487 1644 554 1681 acce
573 1627 608 1680 tis
619 1628 730 1681 Crassus
742 1625 769 1678 in
780 1625 849 1679 fines
859 1623 1003 1679 Vocatium

74 1701 104 1748 et
126 1695 298 1750 Tamsatium
317 1697 454 1767 profectus
471 1706 522 1751 est.
583 1713 629 1766 um
646 1713 710 1749 vero
733 1695 839 1749 barbari
863 1695 1001 1766 commoti,

75 1764 147 1835 qnod
159 1765 287 1836 oppidum
300 1776 328 1820 et
340 1776 434 1821 natura
445 1767 496 1821 loci
508 1775 536 1820 et
547 1783 631 1820 manu
642 1766 777 1820 munitum
789 1765 884 1834 paucis
896 1764 1002 1834 diebus,

75 1833 183 1903 quibus¹
203 1851 235 1888 eo
256 1845 369 1890 ventum
392 1845 456 1907 erat,
481 1845 666 1907 expugnatum
689 1842 875 1906 cognoverant,
900 1834 1003 1902 legatos

74 1917 292 1971 quoquoversum
315 1904 459 1975 dimittere,
483 1905 630 1975 conjurare,
654 1905 762 1959 obsides
784 1904 853 1957 inter
875 1921 905 1956 sc
929 1904 1003 1974 dare,

74 1973 168 2041 copias
187 1989 281 2042 parare
300 1982 455 2044 coeperunt.
491 1975 637 2028 Mittuntur
656 1976 739 2028 etiarn
758 1973 794 2027 ad
813 1990 861 2027 eas
878 1973 1004 2027 civitates

74 2037 101 2093 le
138 2041 166 2111 ti,
187 2057 257 2111 quae
276 2050 339 2096 sunt
355 2042 485 2096 citerioris
502 2043 647 2114 Hispaniae
664 2044 805 2098 finitimae⁴
822 2043 1013 2113 Aquitaniae:-

74 2108 103 2162 in
122 2127 138 2162 e
150 2110 249 2164 auxilia
261 2110 400 2181 ducesque
413 2121 593 2167 arcessuntur.
628 2113 749 2174 Quorum
763 2112 893 2166 adventu·
904 2128 1005 2180 magna

74 2194 140 2232 cum
156 2180 315 2234 auctoritate
327 2189 355 2235 et
366 2198 466 2251 magna
483 2198 546 2237 curn
558 2181 882 2236 hominummultitudinc
899 2182 1005 2236 bellurn

111 2265 169 2302 rere
186 2259 324 2305 conantur.
360 2252 450 2306 Duces
462 2269 524 2305 vero
542 2252 562 2306 ii
579 2252 739 2322 deliguntur,
756 2252 803 2322 qui
821 2269 875 2306 una
893 2268 958 2306 cum
969 2250 1003 2310 Q.

110 2319 198 2373 ιιοιιοο
220 2336 315 2374 omnes
337 2337 421 2374 annos
444 2321 550 2375 fuerant
574 2338 766 2392 summamque
791 2320 936 2375 scientiam
962 2319 1002 2375 rei

103 2543 189 2593 ¹'l'hat
200 2544 230 2601 is,
245 2543 348 2602 ‘minsa
361 2542 409 2593 and
424 2545 614 2593 subterraneons
629 2550 765 2592 structores
774 2558 802 2592 or
811 2543 949 2606 passages,’
961 2541 1005 2592 tbc

73 2605 148 2655 latter
158 2603 239 2653 words
249 2604 324 2665 being
334 2619 366 2652 an
376 2603 531 2664 explanation
541 2602 573 2652 ci
581 2603 623 2652 the
634 2601 731 2651 former.

103 2689 178 2739 ''l'he
194 2692 309 2752 meaning
325 2690 353 2739 cf
365 2691 417 2760 this
427 2690 508 2760 Gallio
518 2691 587 2740 word
596 2692 701 2760 soldani
710 2690 731 2738 is
741 2688 859 2750 probably
870 2687 1006 2757 expressuri

73 2748 794 2865 luitulfi‘llldldlolilllllsslllllb?
810 2764 880 2797 ⁸⁰¹⁰⁰
898 2748 1004 2805 ‘'dm‘’

102 2892 189 2942 ‘That
201 2893 231 2950 is,
247 2893 334 2942 ‘asew
343 2893 404 2955 days
415 2895 476 2944 after
486 2896 545 2957 they
553 2895 602 2945 had
612 2894 707 2945 arrived
716 2893 804 2942 there.’
826 2893 875 2942 See
886 2893 957 2955 chap.
967 2897 1005 2943 17.

103 2984 114 3013 ⁴
124 2980 191 3030 That
203 2980 233 3038 is,
256 2999 302 3030 rece
309 2983 337 3030 irr
344 2983 452 3032 citeriore
457 2983 581 3046 Hispania
585 2984 707 3046 finitimae
714 2991 772 3030 eunt
778 2980 936 3043 Aquitaniae,
942 2981 1004 3044 fini·

74 3044 146 3091 tiniae
156 3041 229 3102 being
241 3051 250 3087 t
268 3056 281 3088 e
293 3040 415 3100 predicate
426 3051 453 3090 to
463 3059 531 3104 quoe.

75 3131 115 3236 Μ’
122 3129 238 3236 Adoptio
249 3128 270 3177 is
280 3127 323 3177 the
334 3128 440 3178 ablativa
450 3130 480 3179 os
488 3130 557 3188 time,
572 3135 618 3179 ‘on
628 3129 692 3178 their
701 3127 805 3178 arrival!
838 3128 961 3188 Compare
972 3127 1006 3176 iv.
1026 3155 1030 3163 ·

108 3204 169 3245 ,vra
197 3223 203 3236 .

105 3275 116 3304 ⁸
126 3274 159 3330 Q.
168 3275 299 3343 semotius,
307 3290 354 3324 oue
364 3276 393 3325 os
399 3277 441 3345 tlre
452 3283 560 3344 greatest
569 3289 625 3324 men
634 3274 663 3324 os
668 3273 708 3324 his
718 3274 787 3331 time,
796 3273 845 3344 fled
856 3273 1006 3343 lromlioma

62 3331 147 3379 attho
156 3341 220 3381 tnnc
229 3332 264 3381 0!
270 3333 368 3386 Sulla's
384 3335 502 3400 triumph,
515 3350 542 3386 ιιι
551 3348 576 3386 ιι.
588 3348 611 3384 o.
621 3336 661 3394 84,
673 3333 723 3399 and
736 3331 887 3384 established
901 3330 1006 3383 lrrrnsalf
