2146 3704
82 243 123 304 42
385 261 425 303 os
446 262 544 302 annno
565 261 701 304 usnnroo.

81 371 212 426 auxilium
229 388 246 423 a
263 370 360 440 populo
377 370 497 424 Romano
514 370 699 440 imploraturos
715 386 805 441 neque
823 380 998 444 recusaturos,

81 457 134 508 quo
146 441 237 494 minus
248 448 377 509 perpetuo
390 440 440 495 snb
452 440 559 493 illorum
570 440 671 494 ditione
683 448 765 509 atque
778 441 890 512 imperio
899 451 998 495 essent.

81 510 171 564 Unum
190 527 220 563 se
238 526 299 574 esse
317 525 352 562 ex
369 510 441 562 omni
458 509 568 562 civitate
586 509 750 579 Aeduorum,
767 513 814 579 qui
830 511 930 564 adduci
947 529 1001 565 non

80 579 202 648 potuerit,
216 588 245 632 ut
255 578 354 648 juraret
371 588 419 631 aut
436 578 535 631 liberos
553 594 615 630 suos
632 578 741 632 obsides
758 580 842 632 daret.
876 580 919 634 Ob
936 597 1000 634 eam

80 665 139 702 rem
151 666 180 701 se
193 666 228 702 ex
239 648 347 701 civitate
360 648 508 717 profugisse
526 656 554 699 et
571 648 685 701 Romam
701 648 737 700 ad
755 658 880 702 senatum
892 650 1000 703 venisse

79 718 212 772 auxilium
229 718 412 788 postulatum,¹
429 717 501 786 quod
519 716 593 769 solus
614 733 704 785 neque
720 716 891 787 jurejurando
909 736 1000 788 neque

59 808 62 812 ¹
78 787 217 842 obsidibus
240 794 382 840 teneretur.
419 786 472 840 Sed
488 783 577 855 pejus²
593 785 740 840 victoribus
757 787 896 859 Sequanis,
915 806 1000 858 quam

77 857 182 911 Aeduis
194 855 275 909 victis
291 854 422 908 accidisse
431 871 438 924 ;
457 863 596 924 propterea
613 855 686 924 quod
702 856 860 926 Ariovistus,
875 874 920 911 rex
933 859 999 911 Ger·

78 942 227 996 manorum,
236 925 264 978 in
272 941 364 978 eorum
372 924 471 978 finibus
477 924 644 979 consedisset
652 925 814 995 tertiamque
824 936 930 996 partem
941 927 998 996 agri

77 995 203 1064 Sequani,
212 995 258 1064 qui
271 1002 342 1046 esset
351 994 468 1062 optimus
479 993 679 1064 totiusGalliae,
689 1011 755 1048 occu
791 996 874 1049 visset
887 1005 913 1050 et
925 1014 998 1050 nunc

77 1066 112 1119 de
129 1064 215 1117 altera
233 1072 308 1132 parte
326 1063 403 1115 tertia
421 1063 558 1132 Sequanos
574 1062 709 1117 decedere
725 1064 755 1134 ju
775 1075 839 1135 eret,
857 1074 996 1136 propterea

50 1134 58 1163 '
76 1133 149 1204 quod
166 1133 260 1204 paucis
277 1133 417 1186 mensibus
433 1141 497 1186 ante
514 1132 664 1186 Harudum⁸
675 1134 750 1186 milia
761 1134 901 1188 hominum
918 1152 996 1189 xxiv·

75 1205 110 1257 ad
120 1220 183 1257 enm
191 1201 334 1270 venissent,
344 1202 443 1272 quibus
451 1200 526 1256 locus
537 1218 569 1254 ac
578 1201 828 1272 sedesparerentur.
865 1204 997 1259 Futurum

76 1289 138 1327 esse
155 1273 250 1342 paucio
267 1272 343 1324 annis
359 1271 399 1324 uti
416 1272 520 1325 omnes⁴
537 1287 572 1324 ex
585 1270 690 1325 Galliae
707 1271 807 1326 finibus
824 1272 994 1344 pellerentur,

75 1351 157 1412 atque
169 1357 264 1395 omnes
275 1341 402 1394 Germani
419 1340 543 1394 Rhenum
562 1340 716 1393 transirent:
735 1358 824 1411 neque
843 1343 916 1397 enirn
934 1360 996 1396 con·

75 1411 216 1478 ferendum
229 1427 291 1463 essa
303 1410 437 1464 Gallicum
450 1427 513 1464 cum
526 1411 720 1471 Germanorum
739 1427 810 1483 agro,
823 1428 912 1481 neque
925 1411 996 1466 hanc

75 1479 298 1535 consuetudinem
316 1479 406 1534 victus
421 1496 485 1533 oum
503 1479 550 1532 illa
566 1480 783 1548 comparandam.
830 1482 995 1536 Ariovistum

74 1559 175 1621 autem,
184 1559 213 1604 ut
225 1549 312 1604 semel
319 1550 456 1603 Gallorum
465 1548 555 1620 copias
562 1549 662 1618 proelio
669 1549 769 1619 vicerit,
779 1550 850 1629 quod
862 1551 995 1620 proelium

72 1620 177 1674 factum
195 1621 228 1674 sit
245 1620 281 1673 ad
298 1618 502 1688 Magetobriarn,
516 1635 547 1671 su
567 1617 631 1671 erbe
649 1625 676 1671 et
693 1619 836 1672 crudeliter
853 1619 993 1692 imperare,

74 1689 183 1744 obsides
200 1689 359 1744 nobilissimi
376 1686 510 1757 cujusque
527 1635 627 1741 hieros
643 1705 753 1757 poscere
766 1689 832 1742 etin
844 1705 890 1743 eos
905 1690 995 1743 omnia

75 1759 200 1829 exempla
212 1759 411 1827 cmoiatnsque‘
422 1756 510 1822 edere,
525 1757 547 1810 si
559 1773 613 1826 qna
624 1773 668 1810 res
679 1774 732 1810 non
743 1757 779 1811 ad
791 1766 888 1827 nutum
899 1768 947 1812 aut
958 1759 994 1813 ad

74 1829 240 1882 voluntatem
252 1827 312 1898 ejus
323 1827 395 1881 facta
407 1825 450 1879 sit.
485 1827 629 1879 Hominem
646 1843 707 1879 esse
725 1827 876 1898 barbarum,
890 1828 993 1882 iracun-

74 1897 149 1966 dum,
163 1898 351 1950 temerarium:
370 1914 423 1949 non
435 1911 514 1965 posse
527 1895 587 1965 ejus
601 1895 715 1964 imperia
732 1896 833 1949 diutius
849 1897 992 1951 sustinere.

73 1968 134 2021 Nisi
146 1966 209 2036 quid
224 1967 251 2018 in
264 1966 378 2018 Caesare
396 1965 548 2034 populoque
564 1965 682 2018 Romano
700 1965 734 2017 sit
752 1965 854 2036 auxilii,
868 1967 994 2020 omnibus

74 2036 159 2090 Gallis
175 2035 249 2088 idem
267 2051 328 2088 esse
346 2033 509 2103 faciendum,
523 2032 595 2113 quod
609 2033 725 2086 Helvetii
738 2033 857 2104 fecerint,
871 2044 901 2089 ut
912 2037 993 2089 dorno

73 2107 215 2175 emigrent,
226 2103 299 2157 alind
311 2103 486 2173 domicilium,
500 2103 568 2156 elias
580 2102 667 2172 sedes,
681 2113 797 2157 remotas
812 2122 830 2157 a
840 2106 992 2175 Germanis,

72 2183 165 2246 petant
176 2175 371 2242 fortunamque,
384 2188 562 2242 quaecunque
574 2172 690 2242 accidet,
704 2173 881 2242 experiantur.
917 2175 993 2228 Haeo

59 2246 97 2314 ,si
114 2245 253 2298 enuntiata
269 2243 402 2296 Ariovisto
425 2243 485 2313 sint,
505 2259 558 2295 non
577 2241 711 2312 dubitare,
730 2242 794 2312 quin
812 2243 847 2296 de
866 2244 993 2297 omnibus

72 2315 218 2385 obsidibus,
232 2313 278 2382 qui
290 2313 362 2382 apud
372 2328 436 2365 eum
448 2312 507 2382 sint,
515 2311 705 2381 gravissimum
718 2312 880 2381 supplicium
892 2324 991 2367 sumat.

71 2386 216 2438 Caesarem
229 2383 273 2436 rel
284 2382 440 2436 auctoritate
453 2398 502 2434 sua
513 2390 597 2450 atque
610 2382 752 2450 exercitus,
766 2379 811 2433 vel
824 2383 925 2435 recenti
936 2383 992 2435 vic-

72 2454 147 2524 toria,
165 2452 210 2507 vel
228 2452 336 2507 nomine
354 2451 445 2520 populi
462 2451 576 2504 Romani
594 2449 729 2504 deterrere
746 2466 834 2520 posse,
853 2468 888 2504 ne
906 2451 992 2521 major

70 2524 214 2578 multitudo
243 2523 438 2576 Germanorum
472 2519 597 2574 Rhenum
627 2519 788 2590 traducatur,
819 2519 992 2591 Galliamque

70 2611 180 2650 omnem
191 2594 227 2649 ab
239 2590 365 2646 Ariovisti
377 2589 475 2660 injuria
486 2605 566 2661 posse
578 2588 735 2642 defendere.

98 2776 107 2804 ¹
116 2773 164 2821 See
174 2771 207 2820 vi.
218 2774 254 2820 12.

96 2858 191 2921 ’Pp‘as
199 2856 258 2906 here
269 2855 377 2930 significa
391 2861 420 2906 ‘a
430 2872 509 2906 worse
520 2855 606 2918 thing!

96 2947 245 2996 ‘Harudum
254 2944 276 2993 is
286 2953 367 2996 notto
376 2944 407 2994 be
415 2944 499 3006 joined
514 2960 542 2993 ss
557 2959 589 2992 an
604 2943 725 3004 adjective
735 2950 761 2990 to
771 2943 897 3002 lonicum,
909 2944 954 2994 but
969 2944 992 2994 is

66 3007 109 3057 the
119 3006 227 3070 genitive
238 3004 267 3052 cf
278 3004 400 3062 Harudes,
413 3004 536 3066 governed
546 3005 580 3064 by
589 3004 715 3052 hominnm.

95 3096 232 3158 ⁴Numely,
247 3096 322 3145 Galli.

93 3186 104 3214 ⁸
115 3183 242 3233 Cruciatur
253 3182 274 3231 is
285 3181 378 3242 merely
389 3196 420 3229 an
430 3176 623 3240 explanation'of
633 3176 675 3226 the
691 3186 754 3226 term
765 3180 875 3241 exemplo,
888 3179 930 3230 the
945 3195 987 3230 ex.

66 3242 159 3303 smples
169 3242 201 3292 he
211 3242 282 3292 mado
293 3240 428 3302 consisting
438 3239 464 3288 in
473 3238 515 3286 the
527 3237 644 3286 infliction
655 3235 684 3285 of
695 3236 761 3286 cruel
772 3246 884 3288 torturas.
