2146 3704
73 236 132 298 tott
374 253 415 295 ns
436 253 533 296 namo
554 252 691 293 esmrco.

72 362 231 436 praemium¹
241 365 424 417 communicat
436 362 614 430 hortaturque,
627 371 657 415 nt
674 379 705 414 se
722 361 821 415 liberos
839 367 868 414 et
885 360 996 431 irnperio

71 434 158 488 natos²
169 431 353 501 meminerint,
371 451 451 486 unam
465 449 525 484 esse
533 431 688 484 Aeduorum
699 432 848 498 civitatem,
857 448 928 499 quae
940 449 996 484 cer·

71 504 206 558 tissimam
214 502 317 555 Galliae
325 503 462 556 victoriam
474 503 599 555 distineat
606 503 623 569 3⁸
640 501 700 571 ejus
711 502 871 554 auctoritate
883 501 998 570 reliquas

72 573 202 628 contineri
209 590 217 642 3
248 588 302 640 qua
324 573 495 641 transducta,⁴
517 571 605 624 locum
634 571 797 625 consistendi
820 572 949 624 Romanis
971 571 998 625 in

72 644 163 699 Gallia
173 658 226 695 non
238 641 308 694 lore:
329 660 389 695 esse
401 641 526 695 nonnullo
539 658 568 694 se
581 641 704 694 Caesaris
714 641 848 694 beneficio
859 641 997 708 affectum,

72 716 113 769 sic
125 723 224 781 tamen,
237 721 266 764 ut
283 711 458 780 justissimam
470 710 542 780 apud
561 728 625 764 eunt
642 728 753 764 cansam
765 711 908 764 obtinuerit
916 712 935 778 ,⁶
952 711 999 764 sed

72 785 135 855 plus
157 783 294 835 communi
320 781 435 836 libertati
447 781 578 834 tribuere:
598 797 647 834 cur
659 781 730 834 enirn
750 781 838 849 potius
856 781 947 834 Aedui
964 781 999 834 de

73 871 121 908 suo
139 853 198 933 jure
216 859 243 903 et
260 850 295 903 de
308 850 414 919 legibus
424 851 459 903 ad
471 851 617 904 Caesarem
628 849 843 920 disceptatorem,
856 868 939 921 quarn
951 852 999 904 Ro·

71 921 192 976 mamad
204 919 315 973 Aeduos
326 919 454 973 veniant?
477 919 605 973 Celeriter
616 918 832 973 adolescentibus
844 929 872 973 et
883 922 1000 975 oratioue

72 992 245 1058 magistratus
261 998 289 1042 et
305 991 424 1058 praemio
441 988 573 1059 deductis,
586 1006 670 1059 quum
688 1007 717 1042 se
729 989 783 1042 vel⁸
794 990 930 1060 principes
941 991 1000 1060 ejus

72 1059 177 1114 consilii
196 1058 251 1111 lore
269 1059 461 1129 profiterentur,
474 1059 539 1110 ratio
557 1059 712 1129 perficiendi
730 1059 917 1128 quaerebatur,
930 1059 999 1129 quod

72 1130 212 1184 civitatem
229 1136 331 1182 temere
349 1129 384 1182 ad
403 1128 604 1197 suscipiendum
623 1128 723 1183 bellurn
741 1129 839 1182 adduci
852 1146 931 1197 posse
949 1146 1000 1184 non

72 1199 250 1254 confidebant.
287 1199 398 1268 Placuit,
412 1201 451 1252 uti
464 1198 598 1251 Litavicus
614 1197 713 1250 decem
731 1198 784 1251 illis
800 1197 919 1270 milibus,
932 1216 1000 1268 quae

73 1270 180 1323 Caesari
192 1267 226 1320 ad
238 1267 339 1322 bellum
353 1269 529 1336 mitterentur,
538 1265 726 1336 praeficeretur
737 1278 818 1336 atque
831 1284 865 1320 ea
875 1268 1000 1323 ducenda

73 1348 185 1406 curaret,
198 1336 346 1406 fratresque
364 1337 424 1406 ejus
440 1337 476 1390 ad
487 1339 631 1390 Caesarem
642 1346 851 1405 praecurrerent.
887 1338 1000 1408 Reliqua

73 1425 127 1479 qua
139 1409 240 1460 ratione
252 1407 296 1475 agi
309 1407 422 1477 placeat,
436 1408 608 1460 constituunt.

109 1483 150 1531 38.
170 1478 304 1530 Litavicus
330 1488 441 1545 accepto
459 1476 586 1546 exercitu,
606 1492 691 1545 quum
713 1476 788 1530 milia
805 1493 935 1546 passuum
952 1477 1000 1531 cir·

73 1548 141 1601 citer
159 1566 224 1602 xxx.
242 1547 277 1600 ab
296 1517 428 1615 (tergoris
447 1547 562 1616 abesset,
582 1545 737 1599 convocatis
754 1546 842 1599 subito
859 1546 998 1618 militibus,

73 1617 223 1686 lacrimans,
237 1617 296 1674 Quo
314 1617 512 1686 proficiscimur,
532 1616 625 1685 inquit,
644 1614 764 1668 milites?
799 1617 894 1669 Omnis
912 1624 1000 1670 noster

74 1687 215 1755 equitatus,
235 1687 321 1739 omnis
338 1686 463 1740 nobilitas
480 1686 593 1739 interiit:
612 1684 747 1754 principes
763 1684 887 1754 civitatis,
901 1687 999 1756 Epora·

74 1755 142 1808 dirix
165 1763 192 1808 et
210 1755 393 1825 Virdumarns,
413 1756 559 1810 insimulati
581 1754 741 1825 proditionis,
760 1755 796 1808 ab
813 1755 942 1809 Romanis
959 1756 998 1808 in·

73 1825 147 1878 dicta
164 1826 255 1878 eausa*
272 1824 405 1878 interlecti
423 1834 493 1879 sunt.
529 1825 603 1877 Haec
623 1824 658 1877 ab
678 1824 711 1876 iis
722 1825 882 1892 cognoscite,
901 1825 948 1894 qui
965 1841 1000 1878 ex

73 1894 132 1963 ipsa
150 1892 235 1946 caede
253 1894 394 1961 sugerunt:
413 1911 476 1948 nant
488 1911 546 1964 ego,
560 1894 684 1946 fratribus
694 1902 776 1963 atque
794 1893 1000 1948 omnibusmeis

73 1963 228 2032 propinquis
246 1963 400 2031 intersectis,
415 1962 504 2015 dolore
516 1963 664 2032 prohibeor,
678 1980 748 2032 quae
764 1973 842 2031 gesta
860 1972 929 2033 sunt,
942 1980 999 2033 pto·

73 2031 209 2084 nunciare.
253 2030 435 2084 Producuntur
460 2032 486 2098 ii,
511 2047 579 2100 quos
603 2031 649 2083 ille
675 2032 827 2101 edocuerat,
850 2048 922 2102 quae
945 2033 999 2087 dici

74 2100 163 2169 vellet,
182 2106 263 2165 atque
281 2098 378 2152 eadem
397 2116 467 2168 quae
485 2099 620 2153 Litavicus
637 2101 865 2171 pronunciaverat,
878 2101 999 2157 multitu·

73 2168 129 2222 dini
154 2175 304 2235 exponunt:
329 2184 424 2220 omnes
447 2169 553 2238 equites
570 2169 727 2225 Aeduorum
744 2171 906 2242 interlectos,
925 2171 998 2241 quod

72 2237 196 2290 collocuti
220 2254 283 2291 cum
301 2239 429 2292 Arvernis
452 2238 604 2293 dicerentur
612 2256 620 2308 ;
645 2240 717 2310 ipsos
740 2257 770 2294 se
794 2241 864 2295 inter
880 2241 999 2296 multitu·

72 2307 165 2361 dinem
182 2307 298 2361 rnilitum
316 2307 466 2362 occultasse
484 2317 565 2378 atque
584 2325 619 2363 ex
636 2310 727 2363 media
743 2311 829 2364 caede
840 2310 998 2381 profugisse.

102 2467 110 2493 ¹
120 2462 176 2511 The
184 2465 315 2525 praenitent
325 2463 443 2524 probably
453 2463 577 2513 consisted
588 2464 613 2512 in
624 2464 666 2513 the
677 2480 767 2526 money
777 2466 811 2526 by
821 2465 905 2515 which
914 2465 946 2515 he
956 2480 997 2514 en·

72 2521 210 2571 deavoured
222 2532 246 2570 to
257 2523 314 2583 gain
324 2523 392 2571 thern
403 2539 468 2572 over.

101 2594 218 2657 ’Imperio
228 2604 311 2652 παίσῃ
329 2595 382 2644 that
393 2597 423 2653 is,
436 2600 468 2644 ad
478 2597 600 2659 imperium
610 2605 688 2654 nator,
701 2612 729 2646 or
741 2599 817 2646 ‘born
826 2607 853 2646 tc
863 2597 934 2647 rule!

101 2668 251 2724 'Distinera
269 2669 389 2729 properly,
410 2674 450 2717 ‘to
466 2669 529 2729 keep
545 2669 672 2728 asunder3'
690 2669 768 2719 henes
781 2675 820 2718 ‘to
836 2671 957 2731 prevent,’
969 2685 998 2720 so

73 2726 124 2774 that
137 2728 155 2775 it
166 2729 281 2775 becomes
292 2727 380 2776 almost
391 2729 530 2787 equivalent
542 2738 567 2777 to
578 2731 690 2778 detinere.

88 2800 110 2868 '⁴
120 2798 224 2905 Tpatis,
236 2799 270 2846 ‘il
276 2798 328 2847 that
339 2810 403 2848 state
411 2816 475 2850 were
486 2813 511 2850 to
521 2802 553 2850 be
564 2801 668 2863 brought
679 2809 772 2850 everto
783 2800 825 2850 the
836 2800 889 2850 side
900 2801 929 2850 ol
935 2800 995 2851 Ver·

72 2873 143 2918 erngs
155 2873 215 2905 ornr.
242 2904 250 2913 ,,
274 2908 277 2913 ,

100 2931 186 2980 ‘That
204 2920 288 2988 is‚‘'in
304 2932 365 2980 such
383 2948 397 2980 a
413 2949 522 2991 manner,
534 2935 658 2992 however,
670 2935 723 2983 that
740 2935 771 2984 he
788 2934 836 2984 had
848 2935 996 2985 maintained
1037 2951 1041 2958 ·

72 2992 154 3042 before
172 2992 223 3040 hinr
239 2991 349 3047 (Caesari
365 2991 417 3039 that
430 2993 511 3041 which
522 3010 574 3043 was
591 2995 639 3043 due
656 3004 681 3043 to
697 2995 749 3043 him
766 2994 988 3052 (Conuictolitauisl

75 3053 177 3102 Causam
187 3053 291 3100 obtinere
301 3051 321 3099 is
332 3066 347 3099 a
358 3051 459 3112 judicial
469 3062 541 3110 term,
555 3053 688 3115 signifying
700 3059 740 3102 ‘to
750 3054 806 3115 gain
817 3070 833 3102 a
843 3054 959 3103 lawsuit.’

100 3127 110 3155 ⁸
123 3125 168 3174 Vel
183 3125 240 3174 here
252 3125 272 3173 is
285 3126 386 3174 ‘erent'
407 3126 487 3175 ‘since
505 3127 564 3187 they
575 3127 686 3176 declated
696 3127 749 3176 that
765 3127 825 3188 they
835 3127 918 3177 would
934 3141 995 3176 even

72 3185 103 3232 be
114 3185 156 3233 the
166 3184 219 3233 first
230 3194 255 3233 to
262 3200 335 3245 carry
345 3186 387 3234 the
399 3185 485 3246 design
496 3186 547 3234 into
558 3185 647 3234 effect!

101 3256 213 3306 'Indicia
223 3275 304 3314 causa,
321 3259 438 3308 ‘without
449 3259 539 3319 having
549 3259 620 3307 made
631 3259 695 3308 their
704 3259 824 3319 defence,’
837 3274 865 3310 or
877 3260 992 3311 ‘without

65 3313 162 3376 haring
167 3315 218 3365 had
228 3332 259 3366 art
269 3318 427 3382 opportunity
437 3317 466 3368 ol
477 3317 607 3380 delending
617 3318 784 3368 themselves)
