2146 3704
56 282 113 340 lto
357 300 398 339 uu
419 296 516 340 nauco
538 297 673 341 omniuo.

54 409 113 463 eilia
130 416 330 476 cognoscantur.
366 408 394 462 Si
411 407 485 463 adire
502 423 555 460 non
572 407 663 478 possit,
676 407 787 488 monet,¹
797 414 828 461 ut
846 406 978 477 tragulam

53 495 116 533 cum
134 477 254 548 epistola,
267 477 302 533 ad
319 486 460 531 amentum
477 475 602 547 deligata,
615 477 683 530 intra
699 477 865 531 munitiones
880 486 977 532 castro·
1042 511 1045 515 -

53 563 113 602 rum
124 547 243 617 abjiciat.
289 549 319 601 In
332 549 425 601 litteris
437 547 536 616 scribit,
550 563 579 599 se
591 563 652 599 cum
666 546 817 615 legionibus
827 546 979 616 profectum

54 618 178 671 celeriter
200 617 306 670 adfore:
337 617 463 685 hortatur,
487 625 517 669 ut
545 617 685 685 pristinam
707 616 836 669 virtutem
855 618 978 671 retinent.
1048 623 1051 627 '

54 687 148 741 Gallus
166 686 315 757 periculum
334 687 441 757 veritus,
454 693 483 738 ut
500 694 557 738 erat
575 693 748 756 praeceptum
769 685 903 755 tragulam
919 687 981 741 mit·

54 758 95 811 tit.
156 774 205 809 aec
225 773 290 809 casu
310 756 344 808 ad
366 756 459 810 turrim
477 755 609 826 adhaesit,
624 772 713 825 neque
732 725 767 809 eh
784 754 882 810 nostris
898 752 981 819 biduo

54 825 249 895 animadversa,
263 826 340 878 tertio
358 825 404 878 die
424 843 441 877 a
460 824 578 897 quodam
595 825 681 879 milite
694 825 855 897 conspicitur
861 840 869 894 3
887 824 982 879 demta

54 896 89 949 ad
107 897 262 949 Ciceronem
275 894 401 947 defertur.
424 894 486 967 ¹llle
504 895 652 964 perlectam
669 895 847 949 inconvento
863 894 982 955 militum

55 964 157 1034 recitat,
170 965 342 1034 maximaque
359 980 454 1017 omnes
470 964 573 1033 laetitia
590 965 689 1018 adficit.
726 964 798 1018 tum
808 963 878 1018 finni
890 963 984 1018 inosti-¹

54 1032 159 1087 diorum
170 1035 261 1104 procul
272 1033 440 1104 videbantur,
454 1051 526 1105 quae
543 1050 586 1088 res
600 1051 711 1088 omnem
727 1033 922 1097 dubitationem
933 1033 982 1088 ad·

55 1110 152 1157 ventus
163 1103 299 1172 legionum
311 1103 423 1174 expulit.
548 1157 550 1161 .

90 1178 132 1226 49.
159 1172 237 1241 Galli,
257 1191 286 1226 re
309 1176 416 1244 cognita
438 1189 487 1243 per
505 1172 692 1243 exploratores,
712 1172 879 1234 obsidionem
903 1171 981 1227 reliu-

54 1252 148 1313 quunt,
167 1243 202 1296 ad
221 1244 366 1296 Caesarem
390 1243 515 1296 omnibus
531 1242 615 1313 copiis
630 1243 810 1296 contendunt:
829 1258 887 1295 eae
906 1249 982 1296 eraut

54 1318 218 1365 auuatorurn
236 1313 340 1366 circiter
352 1312 426 1366 milia
438 1330 482 1366 ux.
519 1311 619 1381 Cicero,
633 1311 696 1365 data
714 1312 861 1382 facultate,¹
871 1310 982 1365 Gallum

54 1380 90 1434 ab
102 1381 199 1436 eodem
208 1382 359 1453 Verticone,
369 1398 452 1452 quem
464 1387 544 1453 supra
555 1381 806 1451 demonstravimus,
817 1380 922 1451 repetit,
935 1381 982 1450 qui

54 1450 157 1505 litteras
173 1452 208 1505 ed
227 1453 369 1506 Caesarem
389 1452 502 1506 reserat:
523 1451 595 1505 hunc
613 1451 748 1521 admonet,
761 1451 811 1503 iter
827 1459 909 1504 caute
922 1448 982 1515 dili·

54 1531 202 1592 genterque
223 1521 320 1576 saciat:
345 1521 486 1592 perscribit
506 1521 532 1574 iu
552 1520 654 1592 litteris,
668 1519 760 1573 hostes
776 1519 813 1574 ab
829 1536 861 1573 se
879 1518 982 1593 disces-

54 1591 123 1644 sisse
138 1608 303 1661 omnemque
315 1592 348 1645 ad
362 1609 426 1646 eum
438 1590 642 1645 multitudinem
659 1589 842 1642 convertisse.⁸
875 1588 986 1648 Quibus

54 1657 149 1713 litteris
161 1661 265 1714 circiter
277 1660 368 1714 media
378 1670 456 1714 nocte
469 1653 567 1714 Caesar
578 1659 665 1712 allatis
683 1657 745 1713 suos
763 1659 827 1711 lacit
845 1659 979 1730 certiores,

54 1743 155 1799 eosque
175 1728 210 1783 ad
230 1728 415 1784 dimicandum
434 1730 524 1783 animo
548 1729 701 1782 confirmati
728 1739 834 1797 postero
853 1727 982 1803 dieluoe

53 1798 141 1867 prima
159 1808 250 1853 movet
267 1807 362 1869 castra,
381 1807 408 1851 et
421 1798 532 1853 circiter
551 1797 627 1851 milia
644 1799 774 1866 passuum
790 1803 906 1866 quatuor

53 1882 169 1938 gressus,
183 1878 255 1920 trans
273 1868 374 1922 vallem
393 1885 522 1936 magnam
543 1876 570 1920 et
590 1867 678 1920 rivum
697 1864 902 1919 multitudinem
943 1872 946 1877 ’

53 1936 122 2002 tium
140 1937 315 2005 conspicatur.
352 1936 417 1989 Erat
435 1935 527 2004 magni
544 1934 656 2003 periculi
668 1950 711 1988 res
722 1952 786 1989 oum
798 1935 879 1988 tantis
895 1935 983 2007 copiis

54 2002 144 2074 iniquo
165 2004 223 2057 loco
246 2002 384 2057 dimicare.
421 2004 511 2072 Tum‚⁴
529 2004 655 2072 quoniam
678 2005 817 2058 obsidione
836 2004 982 2071 liberatum

53 2072 209 2127 Ciceronem
228 2072 339 2142 sciebat,
353 2074 450 2141 eoque⁸
461 2072 569 2125 omnino
587 2073 779 2128 remittendum
794 2073 981 2139 deceleritate

53 2142 233 2214 existimabat,
247 2142 376 2212 consedit,
391 2150 418 2194 et
429 2157 512 2211 quam
527 2142 691 2211 aequissimo
708 2150 796 2213 potest
813 2143 880 2215 loco,
892 2152 982 2198 easta

53 2213 209 2265 communit.
246 2214 337 2281 Atque
353 2212 428 2282 haec,
441 2212 493 2265 etsi
512 2220 588 2264 erant
604 2212 703 2280 exigua
721 2229 768 2282 per
786 2229 824 2283 se,
837 2213 883 2266 vix
895 2213 981 2268 homi-

52 2297 118 2334 uum
131 2281 236 2334 milium
249 2298 310 2352 vu,
323 2282 480 2351 praesertim
496 2281 578 2336 nullis
589 2298 653 2335 cum
664 2281 874 2352 impedimentis,
889 2292 981 2337 tamen

52 2351 183 2418 angustiis
194 2352 318 2421 viarum,⁰
329 2369 412 2421 quam
423 2352 541 2405 maxime
553 2358 648 2420 potest,
661 2350 791 2416 contrahit
814 2367 846 2404 co
860 2353 979 2423 musilio,

52 2428 83 2475 ut
100 2420 129 2474 in
146 2437 284 2476 summam
295 2422 502 2475 contemtionem
519 2419 642 2474 hostibus
653 2420 752 2474 veniat.
788 2391 901 2475 iuterim
918 2438 979 2492 spe-

52 2527 977 2554 -—-.-—i--...--,...--.......

52 2574 74 2625 is
90 2575 188 2625 evident
205 2576 268 2624 from
284 2574 334 2625 this
350 2575 403 2625 that
413 2575 456 2624 the
467 2574 493 2624 N
495 2575 556 2624 ervii
565 2590 631 2624 were
647 2583 690 2625 not
706 2574 852 2636 acquainted
862 2574 924 2624 with
938 2574 980 2623 the

53 2635 138 2684 Greek
151 2635 273 2694 alphabet.

52 2707 198 2815 lettgtrlonem
216 2708 305 2769 supply
314 2707 432 2757 Gallicum
442 2716 548 2769 equitem,
561 2715 588 2756 to
597 2707 681 2756 whom
692 2705 785 2756 Caesar
794 2704 843 2756 had
852 2706 927 2768 giren
937 2705 980 2755 the

81 2837 165 2886 ’Data
168 2839 298 2899 facultate,
313 2843 355 2888 ‘as
365 2839 397 2888 he
407 2838 455 2888 had
465 2839 507 2889 the
517 2839 693 2901 opportunity:
706 2838 806 2889 Vertioo
816 2839 891 2901 being
901 2838 928 2888 iu
937 2837 979 2887 the

52 2911 266 3028 ⁴²⁸:ugincerticm
285 2970 374 3032 supply
386 2987 418 3020 ce.

80 3049 91 3078 ⁴
102 3045 163 3095 llam
173 3045 231 3093 here
242 3044 302 3094 adds
313 3044 415 3094 another
423 3060 512 3095 reason
521 3053 548 3095 to
555 3046 608 3095 that
617 3044 778 3095 containsdiu
786 3044 828 3094 the
835 3043 917 3094 words
927 3049 977 3093 emt

51 3108 135 3168 mgni
146 3106 249 3168 periculi
259 3121 304 3153 rec.

82 3178 190 3239 ‘quue
205 3177 268 3225 ‘und
278 3176 315 3226 sor
325 3176 374 3225 this
385 3177 489 3226 reason!

80 3250 155 3298 ⁸'l'he
166 3253 219 3300 ciue
229 3251 287 3298 here
298 3250 438 3300 mentioned
448 3266 488 3298 are
499 3248 541 3297 the
552 3249 623 3298 roads
634 3265 662 3299 or
671 3265 788 3312 passages
799 3249 824 3298 in
838 3247 881 3298 tho
895 3261 974 3306 comp,

50 3308 132 3376 which
139 3309 173 3357 he
182 3309 255 3359 made
266 3326 294 3359 as
304 3326 434 3362 narrowor
440 3325 468 3361 us
476 3308 542 3361 close
553 3309 667 3373 together
673 3326 704 3365 ,ss
714 3309 746 3363 he
756 3309 837 3368 cordd,
846 3317 873 3360 to
881 3316 924 3373 get
933 3306 976 3356 the

35 3378 110 3425 camp
118 3381 146 3414 ru
158 3383 175 3416 a
184 3368 262 3420 small
272 3384 397 3434 composa.
499 3383 506 3400 ·
