2146 3704
485 250 577 291 araas
596 251 617 290 r.
972 236 1013 297 35

87 354 214 425 populum
242 356 394 412 Romanum
421 358 547 430 studium,
572 378 708 415 summam
731 361 759 413 iu
782 377 812 414 se
835 361 1009 434 voluntatem,

87 425 222 494 egregiam
235 425 328 496 fidem,
339 427 476 497 justitiam,
491 432 696 499 temperantiam
709 439 882 499 cognoverat5
899 448 963 485 narn
975 451 1010 486 ne

86 493 143 564 ejus
154 495 289 564 supplicio
297 497 420 550 Divitiaei
427 499 551 552 animum
563 499 719 568 offenderet,
730 500 880 563 verebatur.
916 502 1010 572 Itaque

32 588 34 593 ¹
85 565 163 634 prius,
173 582 259 633 quam
267 566 412 636 quiequam
422 578 571 638 conaretur,
580 570 743 622 Divitiacum
755 569 789 620 ad
799 586 828 621 se
837 571 925 622 vocari
938 571 1010 625 'ubet

84 633 287 713 etquotidianis
296 636 486 705 interpretibus
498 639 607 690 remotis
615 656 662 708 per
671 639 700 690 C.
710 638 847 691 Valerium
858 588 943 691 Procli

944 641 1001 695 lum
1022 685 1025 690 ,

84 704 356 773 principem¹‘Galliae
368 707 528 775 provinciae,
542 706 702 760 familiarem
715 725 802 777 suum,
817 709 861 760 cui
874 681 1011 765 summani

84 773 202 826 omniurn
227 792 318 828 rerum
337 775 430 828 fidem²
449 775 574 846 habebat,
595 794 658 830 eum
679 794 710 829 eo
731 778 903 847 colloquitur:
929 779 1011 832 simul

85 843 298 915 commonefacit,
317 861 388 914 quae
407 845 465 914 ipso
485 855 626 915 praesente
646 847 673 900 in
689 848 801 900 concilio
821 848 958 902 Gallorum
975 848 1011 902 de

83 911 245 981 Dumnorige
259 915 311 967 sint
329 914 409 982 clieta,
423 923 450 967 et
462 916 584 985 ostendit,
598 933 668 985 quae
686 919 830 987 separatim
842 918 956 987 quisque
974 919 1010 971 de

81 997 113 1032 eo
124 983 197 1051 apud
212 1000 242 1035 se
254 983 360 1037 dixerit.
397 984 467 1036 Petit
484 993 566 1054 atque
584 985 709 1055 hortatur,
723 995 752 1039 ut
770 989 827 1041 siue
846 987 906 1057 ejus
924 987 1008 1041 offen·

81 1051 154 1104 sione
166 1052 249 1105 animi
262 1053 305 1105 rel
317 1054 375 1124 ipse
388 1053 422 1106 de
435 1070 467 1106 eo
479 1071 562 1107 eausa
573 1057 679 1124 cognita
693 1064 799 1128 statuat,
813 1057 857 1110 vel
869 1059 1008 1112 civitatem

80 1128 198 1174 statuere
211 1121 311 1190 jubeat.

114 1195 157 1243 20.
177 1191 325 1245 Divitiacus
347 1191 441 1246 multis
463 1195 526 1247 curir
549 1193 666 1248 lacrimis
686 1197 830 1248 Caesarem
850 1196 1008 1266 complexus

78 1258 219 1314 obsecrare
231 1263 328 1332 eoepit,
342 1280 376 1315 ue
388 1261 454 1332 quid
471 1264 578 1330 gravius
597 1265 624 1316 in
642 1264 752 1318 fratrem
771 1273 915 1319 statueret:
935 1267 1004 1319 seire

79 1329 166 1382 scilla
184 1348 245 1384 esse
257 1349 329 1402 vera,
344 1349 394 1385 neo
412 1350 577 1402 quemquam
589 1352 624 1386 ex
636 1351 668 1386 eo
680 1334 747 1404 plus,
762 1353 844 1405 quam
857 1353 894 1405 se,
908 1336 1007 1390 doloris

79 1415 183 1470 capere,
197 1410 337 1471 propterea
349 1402 427 1470 quod,
438 1420 500 1455 curn
513 1404 571 1471 ipse
583 1405 668 1470 gratia
680 1405 826 1473 plurimum
838 1405 910 1457 domi
922 1415 1005 1475 atque

78 1468 104 1521 iu
122 1469 225 1539 reliqua
237 1471 333 1542 Gallia,
347 1472 392 1524 ille
405 1472 547 1524 minimum
560 1482 666 1540 propter
683 1473 894 1525 adolescentiam
905 1483 1003 1544 posset,

77 1552 124 1607 per
136 1557 166 1592 se
179 1541 324 1594 crevisset:
343 1541 442 1611 quibus
453 1541 550 1610 opibus
561 1557 594 1593 ao
606 1542 695 1593 nervis
707 1559 757 1594 non
771 1541 859 1594 solum
870 1541 904 1593 ad
917 1543 1005 1596 minu·

77 1608 175 1662 endam
186 1611 309 1681 gratiam,
320 1611 369 1663 sed
381 1628 467 1680 paene
479 1611 513 1663 ad
526 1611 673 1679 perniciem
687 1628 764 1664 suam
776 1618 904 1664 uteretur.
939 1611 1004 1665 Sese

77 1685 213 1732 tamenet
230 1697 321 1733 amore
339 1680 454 1734 fraterno
472 1689 499 1733 et
518 1681 713 1733 existimatione
731 1681 804 1750 vulgi
821 1682 1004 1735 commoveri.⁸

76 1746 151 1807 Quod
164 1749 187 1802 si
200 1749 265 1818 quid
279 1751 304 1802 ei
317 1752 343 1802 a‘
354 1751 467 1803 Caesare
485 1751 593 1818 gravius
610 1750 760 1819 accidisset,
779 1768 843 1804 cum
861 1750 919 1819 ipse
938 1768 1003 1805 eum

76 1815 164 1872 locum
185 1821 320 1873 amicitiae
339 1820 410 1888 apud
423 1837 487 1872 eum
505 1829 616 1889 teneret,
630 1820 767 1874 neminem
786 1820 1002 1874 existimaturum

76 1903 126 1940 uon
138 1906 188 1941 sua
200 1889 337 1942 voluntate
356 1890 458 1944 iactum
466 1907 474 1958 ;
492 1907 546 1958 qua
564 1908 597 1943 ex
610 1907 638 1942 re
651 1890 778 1960 futurum,
791 1890 831 1944 uti
848 1890 928 1943 totius
940 1891 1003 1944 Gal·

75 1954 125 2010 liae
136 1958 222 2012 animi
233 1977 251 2012 a
263 1976 293 2012 se
305 1967 495 2012 averterentur.
532 1961 608 2013 Haec
625 1978 688 2013 eum
700 1961 821 2030 pluribus
831 1960 921 2013 verbis
932 1961 1001 2014 flens

74 2028 222 2081 acaesare
243 2037 354 2099 peteret,
374 2030 472 2082 Caesar
492 2029 551 2099 ejus
571 2029 692 2083 dextram
711 2030 830 2100 prendit,
848 2030 1000 2083 consolatus

74 2105 154 2165 rogat,
174 2100 257 2152 finem
277 2099 368 2152 orandi
388 2099 484 2168 saciat,
503 2101 568 2152 tanti
589 2099 648 2169 ejus
666 2101 738 2170 apud
756 2118 786 2154 se
804 2100 918 2168 gratiam
938 2116 999 2153 esse

73 2167 197 2235 ostendit,
211 2170 250 2221 uti
268 2177 295 2221 et
314 2171 351 2220 rei
371 2169 493 2237 publicae
515 2169 638 2239 injuriam
659 2180 685 2222 et
704 2188 783 2222 suum
801 2169 919 2222 dolorem
939 2170 999 2239 ejus

72 2236 203 2290 voluntati
221 2256 254 2290 ac
277 2238 401 2307 precibus
423 2239 563 2292 condonet.
601 2241 793 2307 Dumnorigem
810 2239 845 2291 ad
864 2248 997 2308 sevocat,

73 2302 180 2359 fratrem
200 2307 310 2360 adhibet
318 2325 326 2376 ;
344 2325 413 2376 quae
432 2309 458 2360 in
471 2326 503 2360 eo
516 2309 700 2378 reprehendat,
714 2308 836 2377 ostendit,
850 2325 919 2377 quae
939 2308 997 2377 ipse

73 2373 212 2446 intelligat,
225 2395 296 2447 quae
315 2378 410 2430 civitas
427 2388 560 2447 queratur,
580 2379 715 2448 proponit3
732 2386 831 2447 monet,
845 2387 874 2430 ut
892 2380 919 2430 in
937 2379 997 2430 reli-

71 2460 156 2511 quum
169 2454 223 2499 tem
245 2465 277 2499 us
289 2465 382 2500 omnes
394 2447 559 2516 suspiciones
568 2450 651 2516 vitet,
669 2448 812 2516 praeterita
825 2465 853 2499 se
866 2447 997 2500 Divitiaoo

71 2513 143 2566 fratri
163 2531 211 2568 con
232 2534 312 2569 onere
333 2517 405 2569 dicit.
449 2517 603 2583 Dumnorigi
624 2517 749 2568 custodes
768 2518 847 2585 ponit,
868 2524 906 2584 ut,
926 2532 997 2583 quae

71 2591 140 2654 agat,
154 2585 316 2654 quibuscum
329 2586 458 2654 loquatur,
473 2585 540 2636 scire
558 2585 647 2653 possit.

105 2657 148 2706 21.
168 2655 273 2709 Eodem
290 2657 333 2709 die
346 2657 381 2709 ab
394 2654 603 2724 exploratoribus
620 2653 715 2706 certior
734 2653 820 2705 lactus
837 2652 928 2706 hostes
945 2653 996 2707 sub

70 2836 204 2895 punished3
216 2838 260 2887 but
269 2838 337 2886 thera
347 2855 397 2886 was
407 2852 452 2885 oue
461 2837 635 2885 circumstance
646 2835 725 2884 which
734 2851 785 2886 was
797 2835 994 2898 againsttrepug-

69 2897 149 2951 nnbat)
161 2895 210 2946 this
221 2897 369 2946 conclusion.

98 2984 106 3012 ¹
118 2983 152 3030 ‘A
164 2982 262 3044 leading
272 2984 345 3032 man.'
379 2984 466 3043 Comp.
479 2983 547 3042 ehup.
560 2985 597 3031 5³.

98 3069 189 3118 ’Fides
201 3072 304 3119 omnium
315 3087 401 3128 rerum,
415 3070 553 3119 confidence
565 3070 589 3118 in
600 3069 685 3131 regard
696 3077 721 3117 to
732 3069 764 3118 all
775 3070 866 3130 things.

94 3154 104 3183 ⁸
116 3155 234 3218 Namely,
247 3168 273 3205 to
282 3156 403 3206 intercede
414 3174 446 3206 on
457 3158 494 3206 his
505 3157 595 3205 behalf.

97 3243 170 3291 ‘'I'he
182 3243 330 3302 preposition
340 3263 356 3294 c
366 3244 423 3293 here
435 3246 494 3293 does
511 3254 554 3292 not
565 3244 652 3292 denote
662 3240 703 3310 tlre
715 3257 728 3288 a
746 3250 796 3296 ent,
809 3241 853 3288 but
868 3239 909 3288 the
919 3256 993 3292 cause

67 3315 95 3351 or
105 3302 173 3363 place
184 3302 247 3352 from
259 3303 338 3354 which
351 3304 392 3357 the
403 3304 559 3367 punishment
571 3303 592 3352 ie
603 3316 717 3351 conceive
745 3310 771 3349 to
782 3315 861 3350 coms.
