2146 3704
79 241 140 324 215}
381 260 424 301 us
444 258 541 300 sumo
562 256 698 299 csnmco.
763 268 768 275 ·

79 384 165 440 quum
188 385 223 422 ex
246 368 343 449 oppido
362 369 508 438 eruptione¹
526 374 694 438 pugnaretur,
715 363 780 418 foris
798 369 889 436 tantae
908 361 1000 435 copias

80 440 216 509 equitatus
227 438 415 509 peditatusque
428 446 606 491 cernerentur.

116 513 159 561 77.
178 511 215 562 At
239 509 263 578 ii,
285 509 332 579 qui
356 509 464 561 Alesiae
488 507 684 575 obsidebantur,
706 503 849 574 praeterita
868 503 932 573 die,²
949 519 1001 573 qua

80 593 189 631 suorum
219 578 320 631 auxilia
343 585 571 647 exspectaverant,
596 583 734 628 consumto
762 573 837 626 omni
860 573 1000 642 frumento,

81 647 168 719 inscii,
181 647 246 716 quid
259 649 287 700 in
298 647 402 701 Aeduis
412 655 557 717 gereretur,
570 644 683 699 concilio
700 654 801 713 coacto,
814 643 849 695 de
868 644 941 696 exitu
953 643 1002 695 lor·

82 723 206 771 lunarum
219 734 328 771 suarum
339 716 534 770 consultabant.
570 714 650 785 Apud
663 715 737 784 quos⁸
748 714 828 765 variis
846 711 927 765 dictis
945 729 1002 764 sen·

81 788 178 857 tentiis,
192 804 306 856 quarum
317 804 379 856 pars
391 785 561 854 deditionem,
574 801 643 854 pars,
657 784 722 837 dum
735 782 805 835 vires
822 789 1001 852 suppeterent,

81 857 258 926 eruptionem⁴
276 855 430 922 censebant,
444 872 495 907 non
513 854 708 924 praetereunda
728 851 833 906 videtur
850 853 933 907 oratio
951 851 1003 904 Cri-

81 927 188 994 tognati,
207 932 314 995 propter
331 925 390 994 ejus
414 924 577 992 singularem
599 940 633 976 ac
650 922 782 976 nefariam
805 922 1001 976 crudelitatem.

80 994 132 1047 Hic
143 1010 250 1048 summo
262 994 289 1046 in
301 994 427 1046 Arvernis
439 1003 512 1047 ortus
530 994 588 1046 loco
607 1001 635 1046 et
653 1009 769 1062 magnae
787 990 897 1045 habitus
915 999 1002 1044 aucto·

80 1065 173 1134 ritatis,
192 1063 274 1133 Nihil,
296 1064 389 1133 inquit,
405 1063 440 1117 de
461 1080 554 1117 eorum
574 1064 708 1117 sententia
727 1061 848 1114 dicturus
867 1078 938 1132 sum,
958 1061 1003 1130 qui

81 1133 264 1204 turpissimam
281 1134 437 1188 servitutem
456 1132 599 1187 deditionis
616 1132 724 1186 nomine
742 1130 896 1201 appellant;
916 1147 1003 1201 neque

80 1201 130 1257 hos
150 1203 289 1257 habendos
308 1204 408 1256 civium
429 1202 494 1273 loco,
511 1219 600 1272 neque
619 1201 654 1255 ad
675 1200 819 1254 concilium
837 1199 1004 1255 adhibendos

80 1288 187 1326 censeo.
224 1274 293 1326 Cum
305 1272 340 1325 iis
351 1272 417 1326 mihi
431 1289 473 1325 res
485 1273 526 1342 sit,
540 1272 587 1342 qui
606 1271 773 1341 eruptionem
792 1270 922 1340 probant:
941 1286 1003 1340 quo·

80 1358 140 1396 rum
152 1343 178 1395 in
191 1342 308 1422 consilio,
322 1343 443 1395 omnium
455 1351 573 1395 vestrum
587 1357 728 1410 consensu,
742 1340 868 1463 pristinae
886 1342 1002 1395 residere

80 1412 184 1466 virtutis
196 1429 325 1466 memoria
336 1411 449 1465 videtur.
477 1412 569 1465 Animi
582 1419 622 1464 est
635 1411 686 1464 ista
697 1426 742 1463 mo
753 1409 831 1480 lities,
845 1426 900 1464 non
911 1411 1001 1481 virtus,

79 1481 197 1551 inopiam
209 1482 354 1552 paullisper
366 1481 435 1535 ferre
448 1499 499 1535 non
512 1498 600 1552 posse.
637 1481 689 1540 Qui
707 1498 737 1533 se
754 1479 823 1534 ultro
841 1482 922 1534 morti
940 1480 1002 1534 offe·

79 1561 145 1621 rant,
160 1552 268 1606 facilius
280 1552 453 1621 reperiuntur,
467 1569 549 1622 quam
568 1552 613 1621 qui
630 1550 749 1604 dolorem
761 1550 895 1620 patienter
907 1551 1001 1604 ferant.

79 1621 169 1690 Atque
182 1639 233 1690 ego
246 1621 316 1674 hanc
328 1624 491 1675 sententiam
509 1621 656 1692 probarem,
671 1622 746 1691 (nam
757 1619 830 1689 apud
842 1637 888 1673 me
900 1629 1004 1674 tautum

79 1689 206 1758 dignitas⁰
228 1691 328 1770 potest)
349 1691 370 1743 si
395 1691 497 1744 nullam
520 1700 708 1761 praeterquam
727 1689 800 1742 vitae
822 1698 929 1743 nostrae
950 1689 1003 1771 jac·

79 1766 165 1813 turam
178 1760 235 1813 lieri
247 1760 384 1830 riderem,
403 1761 452 1815 sed
464 1762 492 1814 in
503 1761 612 1815 oonsilio
624 1758 754 1831 capiendo
765 1775 875 1813 omnem
887 1760 1003 1814 Galliam

78 1829 262 1899 respiciamus,
275 1846 360 1909 quam
370 1829 405 1883 ad
418 1840 536 1884 nostrum
549 1831 680 1884 auxilium
692 1829 892 1885 concitavimus.
923 1829 1001 1900 Quid,

77 1896 217 1953 hominum
235 1898 346 1952 milibus
364 1917 445 1952 cxxx.
457 1917 510 1953 uno
528 1899 586 1952 loco
603 1900 757 1971 intersectis,
770 1899 927 1970 propinquis
943 1916 1002 1953 con·

78 1967 285 2035 sanguineisque
297 1968 393 2020 nostris
404 1969 497 2020 animi⁸
508 1968 565 2020 lore
583 1968 750 2037 existimatis,
764 1970 786 2021 si
797 1986 886 2039 paene
899 1969 927 2024 in
939 1969 1004 2040 ipsis

78 2034 256 2088 cadaveribus
273 2035 376 2155 proelio
396 2036 533 2088 decertare
552 2037 698 2105 cogentur?
734 2038 824 2091 Nolite
847 2037 897 2092 hos
916 2048 1002 2093 restro

76 2105 336 2242 hdglhlrhehihstzoned
347 2173 459 2226 stultitia
477 2191 509 2227 ac
527 2175 678 2229 temeritate
690 2184 786 2247 vestra,
799 2187 845 2231 aut
863 2178 1002 2233 imbecilli·

76 2251 132 2296 tate
144 2243 236 2315 animi,
248 2259 358 2298 ornnem
370 2243 487 2298 Galliam
498 2253 664 2316 prosternere
677 2254 705 2299 et
716 2255 862 2318 perpetuae
881 2248 1002 2303 servituti

283 2104 346 2173 iare,
360 2107 406 2173 qui
419 2113 524 2157 vestrae
542 2106 636 2158 salutis
652 2123 736 2159 causa
754 2125 833 2162 suum
851 2109 1003 2179 periculum

103 2400 271 2464 ¹Erupt'ione;
288 2400 382 2459 thetis,
395 2403 518 2464 eruptione
525 2403 604 2464 fosta.

103 2475 114 2503 ²
118 2473 258 2546 J'raeterita
266 2477 316 2532 dim
328 2474 379 2544 that
389 2474 419 2532 is,
428 2490 499 2536 quum
507 2477 557 2524 dies
564 2477 739 2545 praeteriisset,
751 2474 792 2545 the
800 2475 927 2584 participle
935 2494 1001 2540 prue-

74 2541 162 2642 mm
179 2535 252 2596 being
268 2534 329 2584 used
340 2550 364 2582 rn
375 2534 417 2583 the
433 2550 501 2583 same
512 2550 568 2596 way
579 2550 606 2583 as
617 2535 659 2582 the
674 2535 799 2596 participle
810 2534 838 2583 os
850 2551 865 2584 a
897 2544 1002 2598 epouent

104 2666 196 2728 'Apud
205 2683 263 2727 quos
274 2666 363 2715 should
373 2667 435 2716 have
446 2668 509 2715 been
520 2668 603 2728 inquo
613 2668 723 2726 macrim
740 2668 784 2716 but
800 2667 841 2715 the
852 2684 912 2730 quoa
928 2668 1002 2718 refers

74 2732 101 2772 to
111 2725 153 2772 the
165 2741 221 2773 men
231 2724 260 2773 ol
266 2726 349 2774 whom
359 2727 401 2775 the
412 2729 536 2775 emotum
546 2726 678 2775 consisted.

103 2797 291 2858 ⁴Eruptionem;
310 2807 336 2845 to
346 2798 396 2846 this
407 2815 434 2847 as
446 2799 503 2847 well
519 2815 545 2848 as
561 2808 587 2848 to
603 2799 645 2848 the
661 2798 791 2860 preceding
801 2800 951 2859 deditionem,
963 2815 1001 2849 we

75 2866 141 2904 must
152 2857 241 2916 supply
245 2858 390 2917 faciendum.

104 2930 114 2958 ⁵
153 2931 159 2941 '
175 2930 240 2976 nitar
252 2928 309 2976 here
321 2929 351 2985 is,
364 2929 406 2976 the
417 2929 540 2992 authority
551 2931 599 2981 and
609 2931 730 2981 influence
741 2930 770 2980 os
781 2930 823 2980 the
834 2946 937 2991 persons
946 2931 1001 2982 who

74 2987 146 3037 huda
165 2988 233 3037 vised
245 2998 270 3036 to
281 2988 354 3036 malie
365 3004 379 3036 a
389 2988 460 3049 sully.
964 2999 970 3009 ·

74 3061 302 3183 wfithqpqqqiqp',:
310 3061 375 3111 what
387 3062 476 3123 degree
487 3061 515 3111 of
521 3078 625 3124 couragc
632 3064 651 3114 l’
663 3080 692 3114 or
703 3063 785 3113 ‘what
796 3072 860 3114 state
870 3063 901 3114 of
911 3063 1000 3125 feeling

104 3196 113 3224 ⁷
122 3195 179 3244 The
189 3212 232 3243 nec
241 3194 303 3244 after
313 3197 388 3244 nolite
398 3211 455 3256 may
465 3194 544 3255 either
555 3195 653 3244 contsin
664 3212 679 3244 a
688 3195 819 3256 repetition
828 3196 857 3245 of
869 3195 910 3246 the
925 3211 997 3257 nega·

73 3252 125 3302 tire
136 3253 265 3301 contained
276 3253 300 3301 in
311 3257 392 3310 colite,
406 3270 433 3302 or
442 3269 482 3304 we
492 3263 558 3304 must
569 3255 657 3315 supply
669 3255 730 3306 after
740 3257 759 3305 it
770 3257 858 3316 uelitis,
871 3255 946 3306 taken
956 3262 997 3305 out

67 3313 191 3370 osualdo,
208 3312 288 3362 which
298 3313 322 3362 is
331 3312 405 3364 itsell
415 3314 555 3378 equivalent
566 3323 592 3364 to
603 3332 634 3365 ne
645 3316 733 3367 veruta
