2146 3704
456 113 548 154 arnan
567 114 620 166 v1r,
939 95 1000 157 2⁰5

72 238 129 276 esse
143 219 324 292 existimabat,
338 221 431 274 castris
462 223 574 276 raesidio
587 221 727 293 relinquit:
746 223 863 294 quinque
876 224 1000 296 ejusdem

71 292 184 362 legionis
201 292 317 361 reliquas
335 291 369 344 de
388 241 477 345 media
497 302 573 345 nocte
586 310 649 347 cum
662 295 786 347 omnibus
798 295 1000 364 impedimentis

71 361 184 415 adverso
209 361 330 414 flumine¹
353 379 450 430 magno
474 363 589 416 tumultu
614 365 744 432 proficisci
768 365 891 434 imperat.
932 367 999 419 Con·

71 433 148 502 quirit
174 431 258 484 etiam
281 431 387 484 lintres:
414 431 464 484 has
487 449 584 500 magno
609 434 696 486 sonitu
717 451 852 487 remorum
876 435 1000 488 incitatas

70 501 95 554 in
108 502 239 554 eamdem
251 510 355 570 partem
367 502 456 554 mittit.
493 503 553 572 lpse
566 511 624 572 post
637 503 733 574 paullo,
748 505 853 557 silentio
865 521 997 584 egressus,

70 588 129 650 curn
157 572 243 624 tribus
262 571 413 640 legionibus
433 572 606 635 eumlocum
627 574 701 645 petit,
723 591 775 644 quo
796 591 880 627 naves
899 574 999 644 appelli

69 650 194 710 Jusserat.
904 665 906 671 ·

102 717 146 782 6⁸1.
169 712 208 763 Eo
221 727 304 780 quum
324 717 396 762 esset
409 719 526 781 ventum,
540 711 720 780 exploratores
737 713 861 784 hostium,
875 714 915 767 ut²
925 713 998 767 omni

69 780 190 834 fluminis
203 790 277 850 parte
289 789 364 832 erant
376 779 504 851 dispositi,
519 782 693 854 inopinantes,
707 783 777 854 quod
795 801 894 853 magna
910 784 998 837 subito

69 860 124 904 erat
149 862 239 902 coorta
269 858 425 919 tempestas,
450 851 485 903 ab
511 852 607 904 nostris
629 856 827 922 opprimuntur:
855 853 1000 907 exercitus⁸

68 921 267 990 equitatusque,
282 919 416 988 equitibus
428 921 554 973 Romanis
564 922 819 990 administrantibus,
833 941 900 992 quos
913 925 939 976 ei
951 940 998 977 ue·

66 991 137 1057 gotio
156 989 331 1059 praefecerat,
351 989 474 1042 celeriter
491 992 684 1044 transmittitur.
721 993 780 1046 Uno
801 993 858 1045 lere
877 1001 997 1063 tempore

66 1059 116 1113 sub
136 1059 229 1112 lucem
247 1058 369 1111 hostibus
387 1061 535 1129 nunciatur,
549 1060 576 1112 in
594 1062 689 1114 castris
700 1063 880 1115 Romanorum
891 1071 998 1132 praeter

64 1128 292 1182 consuetudinem
315 1129 482 1182 tumultuari⁴
501 1138 528 1183 et
551 1147 680 1200 magnum
704 1132 742 1185 ire
765 1149 864 1201 agmen
879 1131 996 1200 adverso

63 1199 187 1267 flumine,
209 1198 378 1266 sonitumque
403 1215 537 1252 remorum
560 1200 587 1253 in
607 1201 705 1255 eadem
728 1212 803 1272 parte
823 1203 945 1256 exaudiri
968 1209 996 1255 et

62 1268 155 1336 paullo
176 1267 245 1320 infra
264 1267 365 1319 milites
384 1267 497 1319 navibus
516 1271 694 1339 transportari.
731 1272 834 1329 Quibus
853 1272 933 1324 rebus
948 1288 996 1324 au·

60 1339 134 1409 ditis,
155 1337 226 1407 quod
245 1337 436 1389 existimabant
457 1337 542 1389 tribus
561 1337 626 1390 locis
647 1341 757 1392 transire
776 1340 896 1408 legiones
913 1348 995 1408 atque

59 1423 168 1477 omneS,
181 1407 349 1476 perturbatos
366 1404 518 1459 defectione
530 1407 694 1477 Aeduorum,
709 1408 801 1477 fugam
817 1425 918 1478 parare,
932 1426 996 1462 suas

59 1493 172 1547 quoque
192 1476 284 1546 copias
304 1477 331 1528 in
352 1485 406 1528 tres
426 1485 515 1544 partes
535 1476 733 1530 distribuerunt.
769 1479 849 1546 Nam,
871 1487 899 1530 et
919 1495 995 1549 prae·

58 1547 131 1599 sidio
144 1564 160 1598 e
174 1547 280 1614 regione
293 1554 439 1598 castrorum
452 1546 552 1614 relicte,
567 1554 594 1598 et
606 1563 688 1616 parva
706 1564 788 1600 rnanu
801 1548 994 1601 Metiosedum⁵

57 1631 159 1669 versus
182 1616 272 1684 missa,
298 1632 369 1684 quae
393 1623 497 1668 tantum
520 1616 729 1685 progrederetur,
755 1625 886 1686 quantum
909 1633 995 1686 naves

57 1685 264 1756 processissent,
279 1685 395 1753 reliquas
407 1687 498 1753 copias
511 1694 602 1737 contra
614 1685 764 1740 Labienum
777 1686 919 1739 duxerunt.

97 1761 141 1808 62.
162 1754 250 1807 Prima
269 1754 329 1806 luce
350 1762 377 1806 et
397 1755 478 1806 nostri
499 1771 593 1807 omnes
611 1763 686 1808 erant
704 1756 879 1826 transportati,
893 1763 920 1808 et
933 1754 991 1808 hos·

58 1825 132 1878 tium
143 1824 218 1876 acies
229 1824 397 1876 cernebatur.
434 1824 578 1894 Labienus,
591 1825 692 1878 milites
704 1825 864 1897 cohortatus,
878 1833 908 1879 ut
925 1842 992 1878 suae

57 1895 190 1964 pristinae
203 1893 308 1946 virtutis
328 1903 355 1946 et
376 1902 413 1946 tot
433 1894 689 1949 secundissimorum
709 1896 869 1965 proeliomm
889 1911 991 1950 memo·

58 1965 130 2017 riam
149 1963 300 2032 retinerent,
320 1972 401 2032 atque
421 1964 509 2033 ipsum
527 1966 679 2036 Caesarem,
698 1966 777 2035 cujus
795 1965 878 2019 ductu
897 1982 992 2036 saepe·

57 2049 174 2087 numero
193 2032 284 2085 hostes
302 2041 479 2110 superassent,
493 2043 664 2102 praesentem
681 2035 788 2088 adesse⁶
799 2036 991 2115 existimarent,

58 2104 108 2156 dat
132 2102 240 2171 signum
263 2101 364 2171 proelii.
402 2101 489 2153 Primo
509 2119 640 2155 concursu
662 2104 698 2156 ab
720 2103 813 2157 dextro
833 2121 923 2173 cornu,
945 2104 993 2158 ubr

60 2171 179 2242 septima
202 2170 271 2239 legio
294 2169 455 2239 constiterat,
477 2170 569 2223 hostes
592 2171 727 2240 pelluntur
746 2182 828 2242 atque
848 2174 876 2225 in
897 2173 991 2240 lugam

58 2241 253 2310 conjiciuntur:
272 2240 307 2293 ab
320 2239 432 2309 sinistro,
446 2256 529 2308 quem
547 2238 637 2294 locum
656 2240 816 2294 duodecima
833 2241 904 2308 legio
916 2250 991 2293 tene-

92 2405 219 2454 ¹Adverso
230 2407 341 2468 flamine,
357 2411 402 2513 ‘up
418 2406 460 2454 the
477 2407 559 2462 river,'
573 2422 599 2454 or
612 2407 721 2467 ‘against
737 2407 779 2454 the
796 2417 893 2455 current
905 2407 933 2455 ol
947 2407 990 2456 the

63 2465 145 2520 river,’
159 2466 180 2512 is
191 2465 233 2513 the
245 2467 354 2524 opposite
367 2482 380 2513 o
400 2467 630 2528 concortationibus·

92 2537 102 2564 ²
116 2536 147 2584 Ut
159 2537 216 2585 here
229 2537 249 2585 is
261 2538 349 2585 almost
367 2538 408 2585 the
427 2554 494 2586 same
511 2555 537 2586 as
549 2554 628 2598 qaum,
643 2537 690 2590 and
707 2554 764 2598 may
774 2540 804 2586 be
822 2537 940 2587 rendered
957 2539 991 2599 by

65 2596 124 2642 ‘as'
159 2596 280 2655 Compare
292 2612 315 2644 v.
327 2600 365 2654 43,
379 2608 435 2644 note
449 2601 468 2644 l.

93 2670 248 2728 'Exercitus
259 2672 408 2732 frequently,
422 2671 443 2719 is
454 2671 496 2718 the
508 2685 576 2718 same
588 2685 615 2718 as
628 2672 760 2732 peditatus,
776 2671 913 2733 ‘infantry.’

94 2748 103 2776 ⁴
115 2747 279 2804 Tumultoari,
292 2748 386 2808 though
398 2764 411 2795 a
422 2747 543 2806 deponent
559 2748 628 2802 verb,
642 2747 663 2795 is
679 2747 737 2795 here
753 2746 814 2795 used
830 2747 854 2794 in
868 2748 990 2807 apassive

65 2822 151 2893 sense„
170 2808 263 2915 sirqulpr
280 2808 403 2855 instances
423 2822 495 2854 occur
517 2821 572 2853 now
589 2806 721 2855 and'then.
755 2807 875 2865 Compare
891 2807 933 2855 vii.
949 2810 988 2862 77,

65 2878 121 2913 note
134 2887 156 2922 o,
170 2882 193 2925 p.
252 2903 257 2913 .

95 2939 275 2988 ⁶Metimedum
292 2939 312 2987 is
330 2938 469 2998 commonly
480 2938 591 2986 believed
608 2948 634 2985 to
651 2941 681 2986 be
700 2939 742 2986 the
760 2940 862 2986 modern
878 2948 945 2987 town
961 2938 989 2986 os

69 2997 186 3054 Meudon,
200 2998 273 3046 south
290 2998 318 3045 of
331 2999 408 3053 Paris,
423 2997 496 3044 while
513 2998 596 3045 others
613 2997 714 3058 identit'y
726 2999 744 3046 it
756 2998 816 3045 with
832 2997 873 3045 the
890 2998 991 3046 modern

63 3056 182 3115 Corbei13
201 3060 245 3105 but
257 3058 275 3104 it
287 3057 307 3104 is
319 3056 461 3116 impossible
473 3066 498 3103 to
510 3056 595 3105 decide
607 3059 719 3104 between
730 3057 799 3104 these
811 3057 931 3117 opinions.

96 3130 269 3178 ⁸Praesentem
285 3133 368 3177 adesse
385 3130 405 3177 is
423 3145 453 3176 an
464 3130 587 3188 emphatic
598 3129 670 3176 mode
682 3129 710 3177 of
723 3130 867 3191 expressing
882 3130 920 3179 his
937 3145 989 3190 pre·

70 3203 141 3238 aence
151 3195 185 3295 ·18“
194 3189 224 3236 he
235 3187 298 3237 bade
310 3189 377 3237 them
388 3197 416 3254 to¹
425 3197 463 3236 act
475 3204 501 3236 as
513 3188 534 3236 is
542 3188 634 3238 Caesar
646 3204 712 3239 were
722 3199 824 3251 present
832 3189 862 3238 iu
868 3191 974 3250 person!
