2146 3704
57 253 100 315 44
177 290 180 294 ι
362 271 403 312 on
424 269 521 310 asaro
543 268 678 309 oannrco.

57 381 161 435 exirent
171 387 254 450 atque
267 378 329 433 inde
342 379 369 434 in
379 378 485 434 Italiam
503 376 712 445 contenderent,¹
723 376 881 446 praesertim
893 392 980 447 quum

57 450 195 520 Sequanos
205 467 222 501 a
231 449 366 519 provincia
374 457 462 502 nostra
470 445 625 501 Rhodanus'
631 447 763 500 divideret
768 463 776 515 3
788 447 888 516 quibus
899 449 981 503 rebus
1057 505 1060 511 s

45 533 138 589 'qnam
151 521 308 572 maturrime
320 519 513 573 occurrendum
525 516 645 592 putabat.
681 518 742 597 Ipse
758 525 852 570 autem
863 517 981 572 Ariovis-

57 599 102 643 tus
126 597 212 642 tantos
235 589 286 643 sibi
310 589 424 659 spiritus,
445 595 548 641 tantam
571 595 748 655 arrogantiam
771 596 930 658 sumpserat,
950 597 982 642 at
1049 633 1052 636 .

57 659 185 713 ferendus
197 675 249 712 non
261 658 404 711 videretur.

93 733 135 782 ³4.
153 727 336 788 Quamobrem
348 726 449 797 placuit
461 726 494 795 ei,
507 733 538 778 ut
548 724 583 777 ad
596 724 760 779 Ariovistum
772 725 876 793 legatos
892 727 982 781 mitte·

60 805 105 866 ret,
115 798 162 867 qui
170 798 206 851 ab
214 814 246 850 ao
254 797 425 866 postularent,
434 797 472 849 uti
480 795 696 864 aliquemlocum
704 795 825 848 medium
834 795 984 876 utriusque'

57 867 189 937 colloquio
208 867 327 918 diceret:
345 865 417 918 velle
435 881 496 917 sese
507 863 543 917 de
555 881 583 917 re
595 863 703 943 publica
715 874 743 917 et
754 865 869 925 suminis
886 875 982 920 utnus·

57 953 112 1006 que
124 936 206 989 rebus
223 952 286 988 curn
305 951 337 987 eo
355 951 445 1003 agere.
482 934 515 987 Ei
527 933 652 1002 legatroni
663 933 813 987 Ariovistus
830 935 981 1004 respondit:

20 1040 24 1052 ,
58 1004 174 1075 siquidr
207 1005 368 1057 iaCaesare
376 1020 444 1072 opus
455 1009 535 1073 esset,
544 1002 872 1057 seseadeumventurum
881 1004 981 1059 fnisse:

58 1075 82 1128 si
93 1074 157 1144 quid
167 1021 212 1126 iffi
224 1074 264 1127 aa*
271 1073 344 1144 velit,
357 1073 435 1127 illum
445 1072 481 1126 ad
494 1089 524 1125 se
532 1073 623 1125 venire
635 1081 764 1141 oportere.
800 1073 983 1128 Praetereasa

57 1160 147 1214 neque
160 1143 219 1197 sino
236 1143 355 1196 exercitu
367 1145 394 1196 in
406 1159 454 1195 eas
470 1151 560 1211 partes
571 1141 676 1195 Galliae
689 1142 780 1195 venire
792 1141 900 1213 audere,
914 1160 983 1212 quas

58 1213 158 1267 Caesar
176 1212 333 1283 possideret,
354 1228 443 1281 neque
463 1213 611 1265 exercitum
632 1211 690 1264 sine
710 1227 808 1280 magno
827 1221 982 1268 commeatu

58 1279 983 1352 atqueemolumentoinunumlocumcontraherepossa3sibiautem

35 1379 37 1383 ·
58 1353 157 1406 mirum
178 1351 270 1422 rideri,
290 1350 355 1420 quid
376 1351 403 1404 in
427 1350 583 1421 suaGallia,
603 1366 686 1419 quam
705 1349 777 1404 bello
796 1350 915 1422 vicisset,
935 1361 982 1408 ant

58 1422 174 1489 Caesari,
187 1430 234 1474 aut
245 1421 353 1474 omnino
364 1419 462 1490 populo
474 1421 593 1473 Romano
605 1420 704 1489 negotii
716 1426 797 1473 essct.

93 1496 136 1545 ³⁶.
148 1491 199 1544 His
208 1490 341 1564 responsis
352 1490 386 1543 ad
396 1491 540 1543 Caesarem
554 1489 644 1542 relatis
655 1491 754 1543 iterum
765 1489 874 1544 adeum
883 1491 982 1546 Caesar

57 1560 161 1631 legatos
178 1576 242 1615 cum
260 1559 303 1613 his
319 1559 455 1613 mandatis
472 1559 568 1613 mittit:
587 1560 715 1638 quoniam
728 1567 801 1612 tanto
819 1576 867 1612 suo
878 1561 981 1630 populi·

57 1647 112 1701 que
120 1631 233 1686 Romani
241 1630 375 1684 beneficio
386 1628 508 1698 affectus,
518 1645 582 1682 cum
594 1646 621 1681 rn
633 1627 771 1681 consulatu
784 1646 832 1681 suo
840 1645 887 1682 rex
899 1639 981 1700 atque

56 1699 163 1754 amicus
173 1718 191 1753 a
202 1707 296 1753 senatu
309 1697 460 1769 appellatus
472 1706 551 1767 esset,
563 1697 633 1751 hanc
644 1698 695 1752 sibi
704 1697 854 1768 populoque
861 1698 981 1754 Romano

56 1771 170 1838 gratiam
183 1769 300 1838 referret,
314 1777 344 1822 ut
355 1769 383 1822 in
400 1767 467 1820 rollo
486 1768 563 1821 nium
575 1767 667 1827 ¹venire
684 1767 813 1821 invitatus
826 1779 982 1836 gravaretur

56 1856 146 1907 neque
158 1839 193 1892 de
205 1839 342 1891 communi
351 1855 379 1890 re
387 1784 533 1890 dicendum
546 1836 596 1890 sibi
605 1846 632 1890 et
641 1836 856 1906 cognoscendum
865 1847 985 1910 putaret,

56 1905 125 1961 haec
138 1925 198 1961 esse
211 1924 282 1976 quaa
293 1907 329 1960 ab
341 1922 373 1958 eo
385 1906 546 1975 postularet:
562 1904 686 1977 primum,
697 1923 731 1959 ne
740 1923 822 1976 quam
831 1907 980 1961 multitudi-

55 1992 120 2030 nem
132 1975 273 2030 hominum
283 1975 401 2044 amplius
418 1984 491 2028 trans
501 1975 627 2028 Rhenum
639 1976 666 2028 in
682 1975 798 2029 Galliam
811 1976 980 2050 traduceret,

55 2045 154 2099 deinde
166 2045 282 2115 obsides,
292 2061 360 2114 quos
371 2043 482 2098 haberet
493 2045 529 2098 ab
537 2044 648 2116 Aeduis,
660 2045 783 2099 redderet
795 2046 980 2117 Sequanisque

91 2116 229 2184 rmitteret,
241 2122 272 2167 ut
284 2130 351 2183 quos
368 2113 406 2166 illi
419 2114 557 2184 haberent,
570 2113 706 2168 voluntate
724 2115 784 2186 ejus
796 2117 908 2170 reddere
926 2119 980 2172 illis

55 2131 163 2254 llheret3
188 2201 257 2237 neve
275 2182 385 2237 Aeduos
403 2183 498 2254 injuria
516 2183 668 2255 lacesseret,
687 2201 757 2238 neve
780 2183 822 2238 his
845 2187 980 2257 sociisque

54 2270 148 2307 eorum
171 2252 275 2307 bellum
295 2251 413 2307 inferret.
457 2253 483 2307 si
503 2253 530 2307 id
551 2253 590 2307 ita
612 2253 729 2323 lecisset,
752 2254 803 2308 sihi
826 2256 979 2326 populoque

53 2323 174 2377 Romano
183 2332 340 2392 perpetuam
349 2323 465 2391 gratiam
476 2331 559 2391 atque
571 2324 718 2377 amicitiam
729 2341 793 2377 cum
805 2341 837 2377 eo
845 2325 978 2381 futuram:

54 2393 77 2445 si
89 2409 140 2446 non
154 2393 314 2463 impetraret,
328 2408 397 2462 sese,
410 2392 538 2461 quoniam
550 2393 590 2446 M.
604 2393 724 2446 Messala
745 2394 786 2447 Μ.
800 2394 896 2448 Pisone
914 2411 976 2449 cou-

53 2461 157 2517 solibus
168 2471 279 2516 senatus
290 2462 448 2532 censuisset,
458 2462 506 2532 uti,
516 2463 672 2533 quicunque
683 2433 799 2517 Galliam
811 2464 979 2534 provinciam

81 2641 156 2690 ¹'I'he
172 2657 224 2690 war
242 2642 337 2703 against
356 2641 399 2690 tha
417 2641 512 2692 Cimbri
529 2643 577 2694 and
596 2643 705 2693 Teutoni
723 2659 750 2693 or
765 2643 902 2701 Teutones,
920 2645 979 2694 who

52 2701 152 2748 orossed
163 2700 205 2749 the
214 2700 287 2760 Alps,
297 2701 346 2763 and
355 2701 459 2750 invaded
469 2702 542 2763 Italy,
553 2705 633 2764 began
643 2704 669 2752 in
679 2719 703 2752 a.
713 2719 735 2752 e.
747 2707 797 2753 113.
830 2704 903 2765 They
911 2719 978 2753 were

52 2758 165 2809 defeated
175 2761 208 2820 by
220 2760 250 2808 C.
263 2759 357 2808 Marius
369 2761 393 2808 in
405 2775 428 2808 a.
437 2775 458 2808 o.
472 2765 515 2809 102
525 2762 573 2811 and
585 2766 636 2820 101,
644 2771 669 2810 at
680 2763 769 2822 Aquae
781 2763 881 2813 Sextiae
894 2763 942 2813 and
953 2764 979 2812 iu

53 2817 94 2868 the
107 2818 195 2878 Campi
205 2818 303 2867 Raudii.
336 2819 457 2879 Compare
467 2820 493 2869 ii.
503 2822 527 2878 4,
540 2825 578 2870 29.

81 2905 156 2975 ’Tha
174 2906 295 2955 Germana
311 2922 377 2956 were
396 2907 496 2968 already
512 2907 602 2958 settled
619 2908 644 2958 in
658 2908 700 2956 the
718 2918 821 2970 country
831 2909 860 2958 ol
872 2909 915 2958 the
932 2907 978 2959 Sa·

51 2965 196 3086 qpppnsand
211 2961 290 3028 might
306 2966 385 3028 easily
396 2983 464 3017 crosa
480 2967 523 3016 tha
540 2966 637 3026 Rhana,
648 2982 675 3017 as
686 2968 705 3016 it
715 2982 767 3016 was
779 2967 896 3018 sordable.
929 2968 978 3020 Sea

81 3111 91 3140 ⁸
104 3109 236 3217 Utriusque
245 3116 267 3178 ts
277 3108 336 3178 here
346 3111 389 3162 the
400 3126 468 3162 same
478 3126 507 3163 as
516 3112 581 3163 ieter
589 3120 733 3174 atranqrm
746 3112 849 3177 namely,
865 3116 981 3167 between

53 3167 187 3217 (lassaron
216 3169 365 3220 Anovrstus.

81 3252 219 3316 ⁴Na1ualy,
224 3257 316 3317 jacere.
