2146 3704
449 119 541 159 ursan
561 119 614 162 vrr.
792 105 796 111 '
929 102 990 161 219

69 239 128 285 tum
140 230 257 300 impetus
269 226 439 282 sustinerent.
463 229 507 282 Ab
518 227 562 281 his
574 227 724 297 complures
735 227 771 282 de
783 227 927 299 improviso
934 228 991 282 vul·

68 301 152 355 nerati
167 300 266 370 proelio
279 297 456 351 excedebant.
492 298 583 356 Quum
595 315 657 351 suos
668 315 757 367 pugna
769 301 918 368 superiores
930 315 991 351 esse

69 372 140 424 Galli
160 370 324 422 confiderent
344 377 371 420 et
392 376 494 420 nostros
511 368 680 420 multitudine
699 369 785 437 premi
803 369 938 421 viderent:
957 385 993 420 ex

68 441 194 493 omnibus
212 438 330 508 partibus
343 447 369 489 et
383 437 408 506 ii,
424 438 469 506 qui
487 437 680 490 munitionibus
697 438 906 506 continebantur,
920 447 947 489 et
965 438 991 505 ii,

69 511 113 580 qui
139 510 175 562 ad
201 507 334 560 auxilium
357 515 543 575 convenerant,
563 507 680 559 clamore
703 518 731 560 et
756 507 859 560 ululatu
885 523 994 559 suorum

69 580 174 633 animos
186 576 387 630 confirmabant.
423 575 500 634 Quod
512 575 540 628 in
558 584 702 644 conspectu
721 577 840 630 omnium
859 594 902 629 res
919 592 995 643 gere·

69 649 156 717 batur,
167 665 256 716 neque
269 655 340 698 recte
353 663 386 699 ac
396 646 505 714 turpiter
514 645 616 699 facturn
629 646 711 698 celari
758 656 840 699 terat:
860 645 994 713 utrosque¹

69 728 97 771 et
117 717 208 770 laudis
225 715 358 784 cupiditas
377 724 405 768 et
426 717 502 768 timor
515 715 675 783 ignominiae
696 664 756 769 adpo
750 717 877 770 virtutem
896 715 995 767 excita·

70 788 144 843 bant.
182 787 272 844 Quum
284 803 300 837 a
312 785 424 838 meridie
436 802 516 854 prope
529 785 563 838 ad
577 785 640 838 solis
651 802 777 840 occasum
789 786 872 839 dubia
884 784 996 838 victoria

71 867 243 937 pugnaretur,
257 855 385 908 Germani
405 872 458 907 una
477 856 503 906 in
521 863 595 924 parte
614 855 741 908 confertis
752 856 846 909 turmis
858 856 887 908 in
905 855 996 907 hostes

72 936 205 995 nnpetum
218 925 338 977 fecerunt
351 941 450 992 eosque
463 923 649 993 propulerunt:
669 925 766 994 quibus
783 926 811 978 in
824 926 996 993 fugamcon-

75 996 159 1064 'ectis,
173 994 301 1063 sagittarii
315 993 491 1047 circumventi
503 993 689 1063 interfectique
709 1005 779 1047 sunt.
816 996 886 1047 Item
903 1011 938 1046 ex
956 1010 996 1045 re·

71 1015 155 1134 liquis
167 1064 288 1134 partibus
306 1065 395 1134 nostri,
409 1063 538 1116 cedentes
555 1080 641 1132 usque
659 1063 694 1116 ad
712 1073 799 1117 castra
817 1063 939 1131 insecuti,
953 1061 996 1114 sui

74 1133 219 1203 colligendi
231 1134 385 1186 facultatem
398 1150 451 1185 non
462 1133 600 1186 dederunt.
637 1133 710 1202 Atii,
724 1133 770 1203 qui
782 1133 817 1187 ab
831 1133 923 1188 Alesia
930 1148 996 1254 (pro-

74 1213 218 1272 cesserant,
239 1204 341 1273 moesti,
361 1219 443 1272 prope
469 1203 579 1256 victoria
604 1203 753 1272 desperata,
773 1220 801 1255 se
821 1203 848 1255 in
866 1202 928 1272 cppi
949 1217 997 1254 um

74 1281 242 1342 receperunt.

110 1349 153 1396 81.
180 1343 239 1394 Uno
263 1341 307 1394 die
331 1340 480 1392 intermisso
499 1340 577 1408 Galli,
604 1348 684 1408 atque
711 1341 761 1393 hoc
788 1340 873 1409 spatio
899 1355 996 1406 magno

75 1413 197 1480 cratium,
212 1411 351 1478 scalarum,
366 1410 559 1478 harpagonum⁹
569 1426 680 1461 numero
693 1410 797 1478 effect0,
811 1408 901 1461 media
919 1418 996 1460 nocte

75 1480 180 1535 silentio
194 1499 228 1534 ex
238 1482 331 1532 castris
344 1479 452 1548 egressi,
463 1479 497 1530 ad
510 1487 674 1546 campestres
683 1479 844 1531 munitiones
855 1478 996 1530 accedunt.

75 1552 167 1605 Subito
187 1550 303 1603 clamore
322 1549 434 1617 sublato,
448 1566 501 1616 qun
519 1548 730 1616 significatione,³
742 1549 786 1617 qui
799 1549 825 1600 in
838 1547 934 1616 oppido
951 1547 997 1599 ob·

76 1622 238 1689 sidebantur,
258 1620 292 1671 tle
312 1636 358 1670 suo
377 1619 495 1670 adventu
519 1634 679 1685 cognoscere
698 1626 813 1686 possent,
834 1627 921 1669 crates
939 1632 996 1685 pro·

74 1690 175 1760 jicere,⁴
188 1689 284 1757 fundis,
299 1687 410 1757 sagittis,
431 1687 565 1756 lapidibus
584 1695 685 1738 nostros
704 1686 738 1739 de
758 1686 827 1738 vallo
845 1686 995 1753 deturbare,

76 1760 239 1829 reliquaque,
259 1775 327 1827 quae
345 1757 380 1810 ad
399 1758 624 1827 oppugnationem
642 1758 781 1826 pertinent,
802 1756 996 1809 administrare.

76 1830 182 1882 Eodem
205 1838 332 1897 tempore,
358 1828 474 1880 clamore
500 1826 631 1895 exaudito,
656 1826 702 1879 dat
726 1826 790 1879 tuba
816 1827 923 1895 signnm
941 1825 997 1877 suis

75 1899 276 1966 Vercingetorix
298 1908 379 1967 atque
403 1915 438 1950 ex
458 1896 554 1966 oppido
580 1896 679 1949 educit.
715 1897 815 2019 Nostri,
834 1906 863 1949 ut
881 1896 997 1964 superio-

76 1970 149 2022 ribus
161 1968 258 2021 diebus
276 1985 340 2020 suus
352 1968 450 2035 cuique
462 1967 537 2019 locus
549 1975 605 2018 erat
623 1966 770 2036 definitus,⁵
781 1985 796 2019 a
834 1967 997 2018 munitiones

75 2039 223 2105 accedunt,
243 2037 341 2103 fundis,
355 2035 494 2089 librilibus⁵
506 2036 679 2104 sudibusque,
693 2054 760 2105 quas
778 2037 807 2088 in
819 2053 897 2104 opere
910 2036 997 2103 dispc-

76 2116 191 2177 suerant,
205 2125 237 2159 ac
255 2105 398 2173 glandibus
415 2104 506 2156 Gallos
523 2112 678 2172 perterrent.
716 2106 860 2175 Prospectu
879 2103 996 2157 tenebris

74 2177 191 2245 ademto,
210 2175 296 2228 multa
314 2175 448 2241 utrimque
466 2172 577 2225 vulnera
594 2173 774 2241 accipiuntur,
794 2173 929 2241 complura
947 2180 998 2223 tor·

75 2248 174 2300 mentis
193 2245 246 2298 tela
266 2243 448 2313 conjiciuntur.
484 2244 520 2294 At
540 2241 581 2293 Μ.
599 2242 731 2294 Antonius
751 2252 778 2294 et
797 2243 826 2295 C.
839 2241 995 2308 Trebonius,

82 2354 181 2361 --—-

105 2413 209 2460 lBefore
221 2421 333 2471 utrosque
344 2426 381 2457 we
394 2418 458 2457 must
475 2408 563 2467 supply
575 2417 604 2464 et,
618 2409 806 2468 corresponding
817 2408 876 2454 with
889 2408 929 2455 the
941 2423 994 2465 pre·

75 2474 162 2532 ceding
173 2488 264 2531 neqne;
279 2473 320 2518 but
332 2471 431 2525 Caesar,
445 2469 480 2516 for
491 2468 531 2514 the
543 2467 602 2514 sake
613 2467 640 2514 of
647 2468 786 2522 chimerion,
797 2468 888 2527 prefers
899 2466 996 2526 putting

74 2533 116 2581 the
128 2534 224 2579 clauses
236 2531 347 2590 together
358 2529 460 2575 without
472 2527 513 2574 the
525 2527 687 2573 ccn'unction.

104 2592 281 2652 'Harpcgones
293 2606 357 2636 were
375 2589 430 2648 long
447 2587 514 2646 poles
526 2587 586 2632 witr
597 2596 681 2645 strong
697 2586 750 2633 iron
760 2585 838 2632 hoohs
850 2595 873 2632 nt
885 2585 925 2632 the
937 2583 992 2639 end,

74 2650 110 2700 for
121 2651 163 2698 the
175 2665 278 2708 purpose
290 2649 317 2696 of
324 2648 417 2707 pulling
429 2648 499 2694 down
511 2645 588 2692 either
598 2645 639 2691 the
649 2646 718 2692 walls
730 2645 887 2700 themselves,
898 2661 925 2692 or
936 2660 994 2703 any·

74 2711 145 2770 thing
156 2709 252 2756 erected
264 2724 327 2765 upon
339 2708 380 2754 the
393 2707 462 2754 walls
474 2705 509 2752 for
522 2705 562 2752 the
578 2720 681 2764 purpose
698 2704 726 2752 of
738 2704 873 2764 protecting
889 2704 929 2751 the
946 2703 993 2751 sol·

74 2771 138 2818 diers
150 2768 225 2815 ofthe
238 2767 361 2826 besieged.

104 2831 112 2857 ³
120 2827 179 2933 gna
191 2827 365 2886 significatione
372 2842 382 2881 ;
401 2825 452 2872 that
465 2825 494 2879 ie,
508 2832 534 2870 ut
547 2841 572 2870 eo
583 2825 890 2886 significatione-possent.

104 2889 112 2916 ⁰
147 2887 242 2946 rojioere
253 2885 300 2930 and
312 2886 352 2932 the
365 2884 489 2942 following
505 2882 635 2930 infinitives
647 2899 686 2930 are
698 2883 841 2940 descriptivc
853 2880 992 2928 infinitives.

75 2946 121 2994 See
134 2947 148 2992 i.
164 2948 199 2998 16,
213 2948 309 3000 note5;
328 2945 408 2991 nndv.
421 2946 443 2997 6,
457 2953 513 2989 note
525 2947 547 2991 7.

102 3005 261 3063 ⁶Defim'tus;
280 3003 332 3049 that
344 3004 373 3058 is,
387 3004 526 3057 attributas,
543 3000 688 3060 ‘assigned’

102 3063 225 3109 “Librilio
242 3077 281 3108 are
299 3072 382 3109 stones
399 3062 427 3109 of
441 3079 455 3109 n
470 3061 551 3120 pound
568 3061 593 3107 in
609 3060 709 3119 weight,
724 3058 804 3106 which
816 3073 881 3106 were
897 3058 994 3108 thrown

72 3122 168 3228 ”gfff
181 3118 221 3217 the
227 3134 321 3226 9enemy
331 3123 362 3181 by
370 3137 454 3168 monus
465 3120 493 3168 of
500 3121 585 3181 slings.
618 3119 768 3180 Respecting
778 3119 819 3167 the
829 3121 940 3180 glandes,
951 3135 992 3168 see

73 3195 95 3229 v.
140 3192 215 3227 .nc.e
244 3214 249 3226 .
