2146 3704
443 225 548 278 ,titana
569 226 601 268 rr.
952 208 994 268 59

70 349 164 387 manus
179 333 249 404 cogi,
264 332 410 388 exercitum
430 334 458 388 in
476 351 562 389 unum
581 336 670 389 locum
689 334 811 388 conduci.
846 335 917 389 Tum
930 352 994 389 vero

69 403 248 457 dubitandum
265 420 315 456 nou
332 404 503 474 existimavit,
517 405 581 474 quin
593 404 628 457 ad
640 421 687 457 eos
699 405 918 473 proficisceretur.
954 407 994 460 Re

68 471 244 526 frumentaria
262 482 416 542 comparata
433 482 521 527 eastra
534 484 626 528 movet
638 473 789 543 diebusque
802 474 906 528 circiter
917 476 994 545 quin·

68 542 157 595 decim
170 542 205 595 ad
218 543 288 595 fines
300 541 441 611 Belgarum
454 545 584 613 pervenit.

102 616 126 663 3.
146 613 264 664 Eccum
277 612 312 664 de
325 612 467 682 improviso
476 612 645 680 celeriusque
654 612 726 665 omni
735 613 858 682 opinione
867 614 992 683 venisset,

67 681 163 750 Remi,¹
184 682 231 751 qui
252 683 363 750 proximi
383 681 487 736 Galliae
508 699 542 736 ex
561 682 652 750 Belgis
669 689 738 751 sunt,
757 683 792 735 ad
812 699 877 735 eum
894 682 994 752 legatos

68 751 171 804 Iccium
196 764 223 804 et
247 750 505 821 Andecumborium,
545 752 625 805 rimos
644 752 766 821 civitatis,
788 753 926 820 misemnt,
948 753 994 822 qni

68 820 187 874 dicerent
201 821 241 874 se¹
249 836 352 889 suaque
361 821 451 874 omnia
462 822 489 874 in
501 769 584 874 fidem
596 829 678 889 atque
691 822 716 874 in
765 830 890 875 testatem
903 822 994 902 populi

68 889 181 944 Romani
193 889 357 960 permittere,
370 907 404 943 ne
425 907 459 943 ue
478 907 507 943 se
525 908 588 944 curn
602 890 691 960 Belgis
702 908 730 945 re
743 892 814 961 iquis
826 908 994 945 consensisse

68 975 158 1029 neque
169 968 261 1012 contra
272 959 402 1030 populum
439 977 566 1014 ornanum
582 960 743 1030 conjurasse,
757 971 917 1032 paratosque
933 978 994 1014 esse

69 1037 96 1082 et
114 1028 222 1082 obsides
239 1029 304 1082 dare
322 1036 350 1082 et
367 1029 498 1099 imperata
515 1030 604 1082 iacere
617 1043 644 1083 et
656 1030 760 1101 oppidis
772 1032 890 1102 recipere
902 1040 930 1085 et
941 1031 994 1085 fru-

68 1107 161 1152 mento
172 1098 323 1168 ceterisque
333 1099 414 1153 rebus
423 1097 532 1168 juvare,
544 1099 660 1169 reliquos
668 1117 763 1154 omnes
772 1101 902 1170 Belgesin
912 1101 995 1155 armis

69 1185 138 1238 esse,
152 1169 363 1238 Germanosque,
376 1169 423 1238 qui
443 1169 483 1222 eis
500 1168 626 1223 Rhenum
645 1169 768 1240 incolant,
789 1187 849 1224 sese
869 1188 932 1223 eum
952 1170 995 1224 his

68 1237 248 1308 conjunxisse,
263 1246 420 1360 tantumque
439 1256 499 1292 esse
518 1255 610 1292 eorum
629 1239 749 1293 omnium
768 1239 893 1311 furorem,
910 1248 941 1293 ut
958 1257 994 1293 ne

69 1307 227 1362 Suessiones
238 1307 357 1376 quidem,
384 1317 466 1361 ratres
477 1309 742 1379 consanguineosque
754 1327 823 1379 suos,
838 1310 884 1379 qui
896 1309 994 1364 eodem

68 1376 126 1447 jure
140 1385 167 1430 et
179 1376 276 1430 iisdem
289 1376 395 1446 legibus
406 1387 521 1447 utantur,
530 1394 616 1431 unum
628 1378 774 1448 imperium
785 1396 924 1449 unumque
936 1397 994 1432 ma·

68 1447 208 1570 gistratum
227 1463 289 1500 eum
308 1447 373 1517 ipsis
391 1447 514 1517 habeant,
533 1446 668 1500 deterrere
686 1448 826 1517 potuerint,
846 1449 911 1517 quin
930 1466 994 1502 eum

89 1517 112 1569 is
124 1517 314 1569 consentirent.

103 1591 128 1639 4.
147 1586 216 1639 Cum
228 1586 263 1640 ab
275 1586 318 1638 his
326 1593 475 1655 quaereret,
485 1601 555 1655 quae
565 1584 687 1637 civitates
695 1592 866 1655 quantaeque
876 1585 902 1638 in
912 1585 995 1640 armis

69 1664 159 1709 essent
168 1663 196 1708 et
205 1655 269 1724 quid
280 1655 305 1708 in
315 1655 387 1708 bello
396 1665 511 1725 possent,
522 1655 560 1707 sie
569 1654 733 1723 reperiebat:
747 1654 888 1724 plerosque
897 1654 995 1724 Belgas

69 1741 129 1778 esse
138 1724 584 1792 ortosabGermanisRhenumque
593 1723 738 1793 antiquitus
747 1725 994 1794 traductospropter

70 1793 118 1848 loci
129 1794 296 1848 fertilitatem
306 1794 343 1847 ibi
351 1793 504 1846 consedisse
513 1792 665 1862 Gallosque,
674 1794 719 1862 qui
728 1810 761 1845 ea
770 1794 829 1846 loca
838 1793 992 1875 incolerent,

69 1863 205 1986 expulisse
217 1864 341 1932 solosque
354 1881 422 1932 esse,
436 1863 482 1932 qui
500 1871 605 1986 patrum
619 1871 766 1917 nostrorum
778 1863 909 1917 memoria
920 1879 993 1917 omnr

68 1931 109 1987 Ca
120 1934 155 1986 lia
174 1943 271 1987 vexata
288 1934 424 1986 Teutonos
442 1933 499 1986 Cim
522 1949 616 2002 rosque
636 1932 702 1986 intra
720 1933 788 1986 fines
807 1951 870 1987 suos
888 1933 993 2002 ingredi

68 2003 250 2073 prohibuerint
258 2019 266 2072 5
291 2019 346 2072 qua
368 2020 402 2056 ex
427 2020 455 2055 re
480 2002 546 2072 fieri,
565 2003 605 2055 uti
630 2020 722 2055 earum
749 2021 838 2058 rerum
862 2003 993 2057 memoria

67 2088 195 2142 magnam
216 2072 265 2126 sibi
285 2073 471 2126 auctoritatem
490 2089 655 2142 magnosque
674 2073 781 2194 spiritus
798 2074 825 2126 in
844 2091 871 2126 re
884 2074 992 2126 militari

67 2144 224 2196 sumerent.¹
260 2143 300 2195 De
320 2159 430 2195 numero
451 2159 543 2195 eorum
564 2143 654 2195 omnia
678 2160 691 2194 s
731 2142 831 2196 babere
856 2160 890 2195 ex
909 2142 993 2194 lerata

68 2211 146 2266 Remi
173 2211 306 2281 dicebant,
331 2220 470 2282 propterea
494 2211 565 2280 quod
591 2211 834 2281 propinquitatibus
857 2230 874 2264 a
906 2211 992 2264 nitati·

67 2281 183 2351 busque⁴
195 2281 328 2353 conjuncti
342 2292 470 2350 quantam
482 2282 596 2350 quisque
608 2280 808 2334 multitudinem
819 2281 844 2333 in
855 2281 992 2334 communi

67 2351 211 2420 Belgarum
233 2351 344 2404 coneilio
365 2351 399 2404 ad
422 2351 447 2403 id
469 2350 570 2404 bellum
592 2349 725 2418 pollicitus
749 2351 789 2419 sit,
811 2351 990 2418 cognoverint.

67 2421 216 2475 Plurimum
238 2421 306 2474 inter
326 2437 372 2474 eos
393 2421 558 2473 Bellovacos⁶
578 2427 605 2471 et
624 2419 721 2472 vitute
741 2428 768 2472 et
788 2420 943 2472 auctoritate
965 2426 992 2472 et

96 2574 170 2623 lrl'he
188 2574 261 2623 Remi
277 2573 401 2621 inhabited
412 2573 454 2621 the
466 2583 568 2632 country
579 2573 692 2619 between
708 2572 750 2619 the
768 2571 831 2618 river
842 2570 928 2618 Marne
945 2570 992 2619 and

66 2634 109 2683 the
120 2635 220 2682 frontier
230 2633 258 2682 os
271 2634 312 2681 the
330 2633 437 2691 Belgae;
455 2631 496 2678 the
514 2630 614 2678 modern
631 2640 698 2677 town
708 2630 737 2677 of
752 2630 855 2678 Rheims
871 2645 952 2677 seems
966 2639 992 2677 to

67 2692 129 2742 have
141 2695 204 2741 been
215 2693 257 2741 the
269 2691 357 2752 capital
368 2691 396 2738 of
403 2691 444 2738 the
457 2690 538 2738 Remi.

96 2766 202 2815 ’Before
214 2784 247 2822 ae,
259 2765 340 2813 which
352 2765 372 2812 is
384 2765 425 2812 the
437 2765 517 2823 object
527 2761 702 2824 ospennittere,
714 2763 826 2811 esecond
837 2780 863 2812 ae
873 2762 893 2811 is
903 2763 990 2812 under·

67 2826 148 2882 stood,
171 2825 252 2873 which
273 2826 294 2872 is
316 2825 356 2872 the
378 2824 474 2884 subject
495 2822 523 2870 os
537 2824 679 2884 pemittere.
712 2823 833 2882 Compare
855 2823 925 2882 chap.
944 2826 988 2880 31;

67 2885 167 2944 Zumpt,
180 2884 236 2932 Iat.
251 2885 331 2932 Gram.
344 2883 357 2934 l
368 2887 421 2931 605.

96 2957 222 3019 'Magnos
233 2959 335 3019 spiritua
346 2958 393 3004 eibi
402 2973 501 3011 camere,
516 2959 556 3002 ‘to
567 2956 637 3003 boast
649 2955 761 3015 greatly!
796 2955 916 3014 Compare
928 2955 943 3002 i.
953 2957 990 3001 33.

96 3031 289 3093 ⁴Propinquitos
301 3030 322 3077 is
333 3029 491 3087 relationship
510 3030 543 3088 by
555 3028 636 3083 blood,
650 3029 698 3077 and
712 3030 816 3090 affinitas
832 3026 991 3086 relationship

67 3091 158 3151 arising
169 3091 231 3138 from
242 3090 445 3149 intermarriages.
478 3088 530 3135 Cic.
540 3105 592 3150 pre.
604 3087 690 3135 Plane.
704 3092 739 3136 11.

96 3164 194 3212 ‘Their
209 3179 237 3211 ea
255 3163 306 3220 ital,
325 3161 535 3230 Bratuspantium,
555 3159 696 3229 afterwards
717 3159 919 3264 Caesaromagus,
937 3171 990 3206 was

66 3223 177 3331 loeddclhe
186 3238 227 3272 mo
245 3238 288 3271 ern
298 3222 398 3272 townof
405 3222 534 3278 Beauvars,
546 3219 626 3269 whrch
633 3217 728 3268 derives
739 3227 771 3267 us
782 3232 853 3266 name
871 3233 923 3265 rom
932 3214 979 3266 Bel
