2146 3704
23 230 81 295 1OE
323 248 366 292 os
385 249 641 292 annuo-omniuo.

20 362 118 415 suerat.
153 361 248 442 Itaque
262 366 293 414 ut
310 360 473 430 reliquorum
484 359 674 430 imperatorum
687 373 730 411 res
740 353 870 411 adversae
880 372 944 411 ano·

20 431 156 484 toritatem
177 437 309 500 minuunt,
331 431 371 484 sic
389 430 472 500 hujus
493 447 529 483 ex
550 427 680 482 contrario
703 426 826 497 dignitas,
845 426 944 481 incom-

19 499 100 554 modo
117 509 237 570 accepto,
251 500 279 552 in
295 499 355 552 dies
374 496 537 567 augebatur:
558 496 639 551 simul
658 496 685 549 in
705 513 784 565 spem
801 494 946 551 veniebant

20 567 81 639 ejus
90 570 269 624 affirmatione
284 568 319 622 de
331 568 442 638 reliquis
453 566 630 638 adjungendis
641 563 805 636 civitatibus,
818 565 945 636 primurn·

19 655 74 708 que
92 656 125 693 eo
144 652 263 710 ternpore
282 638 353 692 Galli
371 647 459 691 castra
477 638 583 691 munire
602 635 781 704 instituerunt,
794 644 823 688 et
834 635 875 689 sic
886 643 947 690 sunt

19 709 110 763 animo
128 709 307 778 consternati,¹
325 708 450 761 homines
469 707 568 761 insueti
588 705 691 774 laboris,
711 713 741 758 ut
760 703 860 776 omnia,
876 721 947 776 quas

19 777 220 850 imperarentur,
234 777 285 832 sibi
296 776 423 848 patienda
435 785 462 830 et
473 775 632 847 perferenda
644 775 837 829 existimarent.
881 802 884 806 ·

55 853 96 902 st.
124 850 183 902 Nec
199 849 297 917 minus,
318 864 400 916 quarn
420 855 462 898 est
481 844 624 916 pollicitus,
637 843 839 912 Vercingetorix
857 843 948 899 animo

19 915 176 988 laborabat,²
188 926 216 970 ut
228 916 344 995 reliquas
355 916 478 968 civitates
489 915 655 985 adjungeret,
668 922 694 967 at
715 930 750 967 ue
764 930 860 968 earum
877 913 948 984 prio·

19 985 94 1056 cipes
111 985 188 1038 donis
203 984 493 1065 pollicitationibusque
510 985 656 1038 alliciebat.
691 931 762 1037 finio
778 983 818 1037 rei
837 983 948 1037 idoneos

19 1052 144 1109 homines
155 1055 299 1124 deligebat,
312 1071 426 1124 quornm
438 1055 552 1124 quisque
570 1063 617 1108 aut
634 1053 752 1106 oratione
763 1050 889 1124 subdola,
901 1061 949 1107 aut

18 1124 139 1179 amicitia
151 1125 280 1178 facillime
297 1125 357 1194 oapi
375 1133 474 1194 posset.
510 1124 690 1183 QuiAvarico
708 1130 861 1193 expugnato
879 1121 948 1177 refu·

18 1203 121 1265 gerant,
134 1197 277 1248 armandos
294 1194 502 1262 vestiendosque
520 1202 604 1246 curat.
641 1191 725 1247 Simul
741 1200 772 1246 ut
790 1191 948 1247 deminutae

18 1265 113 1334 copiae
134 1265 383 1333 redintegrarentur,
404 1263 519 1332 imperat
538 1271 644 1315 certum
665 1278 812 1316 numerum
830 1260 949 1316 militum

18 1332 179 1403 civitatibus,
193 1350 275 1403 quern
295 1342 323 1386 et
339 1349 421 1402 quarn
433 1331 581 1385 antediem
599 1332 626 1384 in
644 1340 732 1385 castra
748 1331 848 1385 adduci
859 1328 949 1401 velit3'

19 1402 221 1473 sagittariosque
242 1419 336 1456 omnes
357 1418 470 1472 qnorum
491 1411 548 1455 erat
567 1418 731 1471 permagnus
750 1401 778 1454 in
795 1400 886 1455 Gallia
901 1417 948 1456 nu·

18 1488 118 1545 marus,
132 1473 250 1543 conquiri
268 1481 296 1526 et
313 1442 348 1525 ad
367 1489 396 1525 se
414 1471 485 1526 mitti
502 1471 587 1541 jubet.
624 1471 673 1524 His
684 1471 766 1525 rebus
776 1470 901 1524 celeriter
912 1470 947 1542 id,

19 1542 91 1664 guod
120 1543 229 1597 Avarici
259 1543 417 1622 deperierat,
443 1541 573 1612 expletur.
620 1541 733 1594 Interim
761 1541 946 1611 Teutomatus,

43 1611 180 1667 lioviconis
208 1613 287 1683 filius,
312 1629 360 1666 rex
382 1611 570 1681 Nitiobrignrn,
594 1609 672 1680 cujus
694 1618 771 1681 pater
793 1609 829 1664 ab
852 1617 948 1665 senatu

19 1689 108 1734 nostro
126 1683 230 1735 amicus
249 1692 305 1735 erat
323 1681 481 1751 appellatus,
501 1697 564 1734 curn
583 1696 680 1748 magno
698 1680 822 1749 equitum
839 1696 948 1735 suorum

19 1765 139 1822 numero,
154 1761 181 1805 et
193 1768 260 1822 quos
273 1769 308 1804 ex
318 1751 464 1819 Aquitania
476 1750 659 1818 conduxerat,⁴
670 1749 704 1803 ad
717 1766 782 1803 eum
793 1748 926 1819 pervenit.

55 1825 98 1873 ³2.
116 1821 222 1892 Caesar,
235 1820 343 1874 Avarici
355 1820 507 1889 complures
524 1819 587 1873 dies'
601 1828 787 1890 commoratus,
800 1836 948 1874 summam·

19 1904 74 1958 que
92 1889 130 1942 ibi
148 1892 255 1958 copiam
273 1889 401 1942 frumenti
419 1897 447 1941 et
466 1889 561 1958 reliqui
577 1898 746 1943 commeatus
757 1898 861 1960 nactus,
874 1904 948 1943 exer·

19 1957 106 2010 citum
118 1975 152 2010 ex
163 1958 255 2010 labore
266 1967 348 2026 atque
358 1958 446 2025 inopia
458 1958 561 2010 refecit.
597 1959 660 2012 Jarn
674 1974 723 2029 pro
776 1957 870 2012 hieme
888 1974 948 2012 con·

20 2025 65 2079 sec
132 2043 200 2079 num
212 2028 269 2095 ipso
281 2027 344 2078 anni
356 2034 475 2093 ternpore
487 2026 522 2078 ad
534 2027 683 2094 gerendum
696 1975 799 2081 beilflum
808 2035 949 2082 vocaretur

20 2103 82 2149 eta
113 2043 225 2148 hostem
243 2095 375 2164 proficisci
392 2094 581 2165 constituisset,
595 2097 653 2149 sive
671 2114 736 2151 eum
754 2114 788 2150 ex
804 2096 950 2168 paludibus

20 2164 149 2233 silvisque
159 2163 265 2233 elicere,
275 2164 332 2217 sive
344 2162 481 2216 obsidione
493 2181 616 2234 premere
628 2175 732 2236 posset,
743 2167 827 2236 legati
836 2167 872 2221 sd
885 2183 949 2221 eum

19 2233 156 2304 principes
172 2231 330 2287 Aeduorum
348 2233 458 2287 veniunt
479 2244 592 2306 oratum,
611 2245 640 2288 ut
658 2237 777 2289 maxime
797 2235 949 2291 necessario

19 2313 76 2357 tem
113 2304 151 2357 re⁵
170 2303 271 2357 civitati
291 2303 447 2357 subveniat:
472 2321 579 2358 summo
600 2321 662 2358 esse
681 2305 708 2358 in
728 2305 847 2375 periculo
868 2305 950 2376 rern3'

20 2390 57 2444 qu
93 2413 100 2444 ,
121 2391 207 2444 quum
227 2373 325 2443 singuli
344 2375 518 2442 magistratus
536 2375 683 2443 antiquitus
703 2375 788 2428 creari
806 2383 890 2446 atque
909 2392 949 2430 re·

19 2442 93 2511 giam
104 2452 267 2514 potestatem
278 2460 397 2497 annuam
413 2443 532 2497 obtinere
550 2452 732 2514 consuessent,
745 2443 800 2498 duo
811 2445 949 2514 magistra·

21 2521 80 2567 tum
90 2523 184 2583 gerant
201 2521 228 2567 et
246 2529 276 2567 se
293 2522 406 2583 uterque
425 2529 520 2566 eorum
537 2512 643 2582 legibus
659 2524 782 2568 creatum
794 2531 856 2568 essa
868 2514 948 2569 dicat.

49 2649 243 2699 'Consternatus
265 2650 286 2698 is
306 2648 427 2704 ‘roused’
446 2648 493 2698 and
511 2649 553 2697 the
570 2665 638 2698 seme
655 2665 682 2698 aa
699 2652 770 2699 erecti
785 2667 813 2700 or
828 2635 947 2711 mati.

19 2707 102 2756 which
112 2725 152 2758 are
164 2725 231 2757 more
242 2709 381 2769 commonly
388 2708 448 2757 used
456 2709 481 2756 in
490 2708 539 2757 this
548 2724 629 2757 sense.
652 2709 773 2770 Compare
780 2709 854 2773 Livy,
862 2712 949 2762 viimo.

48 2779 154 2829 Ἀπὺιιο
165 2783 279 2838 laborare,
295 2781 430 2841 ‘seriously
441 2791 467 2829 to
478 2791 547 2830 exart
558 2781 705 2830 one's·self.'

48 2852 134 2901 ¹That
144 2853 174 2909 is,
187 2869 254 2913 quem
263 2855 350 2902 adduci
359 2856 425 2910 velit,
438 2863 460 2902 et
470 2864 527 2903 onte
536 2871 607 2916 quam
616 2857 677 2903 diem
687 2857 774 2905 adduci
783 2859 849 2916 aeid,
862 2859 948 2908 coani-

18 2911 141 3021 taitprgthe
158 2911 205 2960 last
222 2913 251 2959 of
263 2911 334 2960 these
345 2912 425 2960 words
442 2928 524 2962 seems
541 2924 567 2962 to
577 2915 608 2963 be
619 2914 719 2975 implied
729 2914 754 2963 in
765 2915 807 2964 the
818 2917 950 2980 preceding

19 2989 210 3101 nicoenam,
220 3043 293 3092 when
303 3044 366 3093 used
376 3043 405 3092 ol
411 3043 522 3104 soldiers,
531 3045 640 3108 signifies
652 3051 691 3096 ‘to
701 3046 753 3096 hirs
764 3048 947 3108 mercenaries‚'

18 3103 61 3153 the
71 3104 139 3153 word
151 3107 253 3152 mercede
262 3104 336 3165 being
346 3103 502 3153 understood.
826 3114 831 3123 ⁴

46 3177 232 3226 lNecessarium
242 3187 333 3240 ternpus
345 3177 366 3226 is
377 3177 444 3226 osten
453 3176 515 3226 used
526 3177 552 3225 in
562 3178 604 3226 the
616 3194 688 3228 sense
699 3179 729 3229 of
735 3197 750 3230 a
759 3179 820 3231 timo
832 3197 857 3232 at
867 3178 946 3233 which

18 3235 116 3285 thereis
126 3252 159 3285 an
169 3246 256 3296 urgent
267 3237 392 3298 necessity
402 3236 439 3285 sor
450 3236 598 3298 something.

45 3309 136 3367 'Rem
151 3312 244 3373 supply
250 3313 381 3375 militam:
397 3311 439 3362 the
450 3320 514 3360 state
524 3310 553 3360 oi
564 3311 606 3362 the
618 3312 709 3363 Aedui.
