2146 3704
43 222 84 281 24
347 238 389 279 nu
410 239 507 278 snum
529 239 666 281 osuurco.

44 349 159 416 Oceano,
184 347 282 400 finibus
305 346 448 416 Belgarum
460 365 468 417 ;
497 348 602 416 attingit
628 349 711 401 etiarn
729 348 765 402 ab
788 347 919 418 Sequanis
942 355 971 401 et

45 416 175 472 Helvetiis
186 417 289 470 flumen
306 416 447 488 Rhenum,
465 419 549 486 vergit
567 417 602 470 ad
621 418 834 487 septemtriones
870 418 971 487 Belgae

45 488 81 542 ab
93 485 219 540 extremis
231 486 334 540 Galliae
346 487 445 540 finibus
454 488 582 540 oriuntur
589 504 597 557 5
616 488 748 556 pertinent
765 487 800 540 ad
818 486 972 540 inferiorem

45 565 149 628 partem
159 557 278 609 fluminis
286 555 390 625 Rheni;
403 565 524 626 spectant
533 557 789 625 inseptemtrionem
801 565 830 609 et
842 557 972 610 orientem

46 627 140 680 solem.
176 625 321 695 Aquitania
332 642 349 677 a
361 627 497 679 Garumna
515 626 626 680 flumine
643 626 677 679 ad
697 627 850 696 Pyrenaeos
867 634 974 679 montes

46 705 74 750 et
97 713 160 749 eam
183 705 287 766 partem
311 696 418 766 Oceani,
438 713 509 765 quae
532 704 574 749 est
597 695 631 748 ad
655 696 825 768 Hispaniam,
840 696 973 766 pertinet,

47 774 150 838 spectat
163 766 231 818 inter
243 781 370 817 occasum
383 766 446 818 solis
458 774 485 818 et
498 765 710 834 septemtriones.
900 774 903 785 ’

83 841 107 887 2.
127 835 208 903 Apud
233 834 371 886 Helvetios
394 834 474 902 longe
499 834 681 888 nobilissimus
698 834 749 888 luit
773 842 801 888 et
825 834 974 887 ditissimus

46 905 192 972 Orgetorix.
228 904 256 956 Is
278 903 319 956 M.
337 903 460 956 Messala
482 917 509 956 et
532 905 573 958 Μ.
592 905 689 957 Pisone
712 904 875 958 consulibus¹
897 904 974 972 regni
1047 905 1053 917 ’

47 972 339 1042 cupiditate'inductus
356 972 565 1043 conjurationem
582 974 729 1027 nobilitatis
746 973 810 1027 fecit
828 981 855 1026 et
873 973 975 1026 civitati

84 1044 187 1112 rsuasit,
202 1050 231 1095 ut
242 1042 277 1094 de
289 1042 388 1095 finibus
399 1044 455 1096 suis
467 1060 530 1096 oum
542 1044 666 1097 omuibus
678 1043 761 1113 copiis
777 1044 896 1096 exirent:
934 1060 974 1095 er·

47 1059 127 1166 lbeoile
146 1129 214 1181 esse,
234 1129 298 1164 curn
315 1112 413 1165 virtute
436 1112 560 1166 omnibus
582 1121 753 1183 praestarent,
772 1114 853 1166 totius
870 1061 975 1166 Galliae

48 1169 160 1263 llnperio
178 1181 265 1250 potiri.
301 1180 332 1234 ld
350 1181 402 1234 hoc
419 1182 526 1235 lacilius
543 1183 584 1235 eis
601 1182 740 1252 persuasit,
759 1181 831 1251 quod
855 1182 975 1251 undique

48 1250 100 1305 loci
112 1259 207 1305 natura
219 1250 336 1304 Helvetii
348 1251 530 1304 continentur:
549 1269 604 1304 una
616 1268 650 1304 ex
661 1259 736 1321 parte
748 1252 860 1324 flumine
872 1251 974 1322 Rheno,

48 1320 179 1381 latissimo
197 1329 278 1390 atque
296 1320 433 1392 altissimo,
447 1321 493 1391 qui
510 1338 605 1390 agrurn
622 1321 779 1375 Helvetium
796 1339 813 1375 a
832 1322 975 1375 Germanis

47 1391 163 1460 dividit;
188 1390 273 1443 altera
291 1406 326 1444 ex
343 1399 418 1460 parte
437 1400 527 1445 monte
545 1392 609 1445 lura
626 1391 763 1461 altissimo,
782 1391 829 1460 qui
847 1400 888 1445 est
907 1392 975 1444 inter

47 1460 185 1530 Sequanos
197 1468 224 1512 et
236 1460 389 1531 Helvetios,
408 1462 486 1514 tertia
498 1461 559 1515 lacu
577 1461 725 1514 Lemanno²
735 1470 762 1514 et
774 1461 886 1514 flurnine
904 1459 975 1514 Rho·

47 1530 125 1602 dano,
147 1531 194 1600 qui
216 1530 381 1599 provinciam
409 1539 527 1585 nostram
555 1530 591 1584 ab
620 1530 751 1584 Helvetiis
774 1530 876 1584 dividit.
924 1530 975 1582 His

47 1601 128 1654 rebus
139 1600 229 1669 fiebat,
243 1606 273 1652 ut
285 1607 312 1652 et
324 1600 424 1653 minus⁸
435 1599 489 1653 late
501 1607 661 1668 vagarentur
673 1609 700 1653 et
712 1595 802 1653 rnindl
814 1599 895 1652 facile
915 1599 974 1653 fini-

45 1669 120 1723 timis
131 1669 234 1721 bellum
247 1667 343 1721 inferre
361 1678 483 1738 possent:
504 1668 603 1739 quade
616 1685 699 1722 causa
716 1669 838 1722 homines
856 1668 975 1722 bellandi

47 1738 139 1808 cupidi
158 1755 255 1807 magno
273 1737 363 1807 dolore
383 1738 578 1792 afficiebantur.
615 1739 665 1791 Pro
682 1737 862 1791 multitudine*
879 1745 973 1790 autem

46 1807 186 1860 hominurn
199 1816 226 1859 et
237 1823 284 1876 pro
292 1807 374 1875 gloria
382 1807 447 1861 belli
458 1815 539 1876 atque
552 1805 713 1859 fortitudinis
724 1814 850 1874 angustos
862 1823 892 1858 se
904 1806 973 1858 fines

46 1875 148 1929 habere
170 1875 373 1944 arbitrabantur,
398 1876 444 1945 qui
467 1877 495 1928 in
518 1874 712 1943 longitudinem
740 1875 814 1928 milia
842 1891 973 1944 passuum

47 1961 125 2000 ccxc.
148 1945 175 1997 in
187 1943 356 1996 latitudinem
369 1961 467 1998 ouxxx.
479 1944 616 2014 patebant.

81 2018 106 2066 3.
125 1984 174 2066 llis
185 2013 267 2066 rebus
280 2012 389 2065 adducti
402 2022 428 2066 et
440 2012 596 2066 auctoritate
608 2012 768 2081 Orgetorigis
785 2012 898 2081 permoti
910 2029 972 2065 con·

46 2083 189 2136 stituerunt
201 2099 241 2152 ea,
255 2098 326 2151 quae
337 2081 372 2136 ad
384 2081 607 2152 proficiscendum
624 2081 794 2152 pertinerent,
808 2097 970 2153 comparare,

44 2151 228 2224 jumentorum
241 2159 268 2203 et
280 2156 413 2204 carrorum
425 2168 507 2221 quam
519 2151 668 2204 maximum
680 2169 823 2205 numerum
836 2156 969 2222 coemere,

46 2231 184 2276 sementes
195 2237 278 2290 quam
295 2221 429 2290 maximas
440 2221 538 2300 lacere,
550 2228 581 2274 ut
598 2221 624 2274 in
643 2221 738 2273 itinere
757 2221 832 2291 copia
844 2220 971 2274 frumeuti

46 2299 208 2361 suppeteret,
219 2307 282 2343 curn
294 2289 423 2360 proximis
434 2290 597 2344 civitatrbus⁶
605 2307 700 2360 pacem
714 2299 741 2343 et
752 2290 900 2343 amicitiam
909 2307 971 2344 con·

45 2361 162 2415 firmare.
205 2359 248 2413 Ad
271 2375 317 2412 eas
337 2377 380 2412 res
399 2359 578 2413 conficiendas
598 2360 736 2413 biennium
755 2360 806 2414 sibi
826 2361 891 2412 satis
910 2377 970 2413 esse

45 2430 195 2484 duxerunt:
220 2429 248 2482 in
267 2429 375 2483 tertium
392 2447 493 2483 annum
516 2429 708 2500 prosectionem
726 2430 787 2498 lege
805 2430 970 2483 confirmant.

45 2499 89 2554 Ad
102 2517 149 2553 eas
161 2499 213 2553 res'
220 2499 401 2553 conficiendas
408 2501 546 2569 Orgetorix
557 2499 691 2568 deligitur.
715 2499 742 2552 ls
750 2499 801 2552 sibi
810 2499 971 2568 legationem

45 2569 81 2624 ad
99 2570 223 2624 civitates
239 2570 366 2640 suscepit.
402 2570 433 2625 In
451 2586 483 2623 eo
502 2569 596 2623 itinere
613 2568 757 2640 persuadet
770 2569 880 2639 Castico,
894 2569 970 2621 Cata·

46 2818 53 2830 .
75 2759 159 2868 ¹g¹hpt
168 2758 198 2816 is,
210 2758 234 2807 iu
243 2759 284 2806 the
293 2774 352 2819 year
362 2773 386 2806 s.
397 2773 418 2806 c.
428 2761 465 2814 61,
474 2773 501 2805 or
508 2758 577 2805 three
587 2769 658 2817 years
666 2756 748 2804 before
759 2755 873 2804 Caesar’s
885 2754 972 2804 arrival

45 2834 72 2870 ln
106 2835 137 2869 flu
149 2853 155 2866 .

73 2888 148 2942 ¹'l'he
159 2893 225 2939 locus
236 2889 374 2938 Lemonum
386 2889 406 2937 is
418 2889 459 2937 the
471 2888 527 2937 lake
538 2888 567 2936 of
580 2887 682 2936 Genera
692 2887 717 2936 in
728 2887 896 2937 Switzerlond.

74 2961 161 3014 ’'I'hat
171 2964 202 3021 is,
215 2963 265 3011 less
276 2964 335 3011 than
345 2963 405 3022 they
416 2961 488 3010 could
499 2961 561 3017 hare
572 2960 675 3025 wished.

73 3038 141 3088 ‘See
152 3037 221 3097 chsp.
230 3038 268 3084 29.

74 3110 161 3160 'That
172 3111 202 3168 is,
215 3109 276 3158 with
286 3109 327 3156 the
337 3107 515 3169 neighbouring
525 3116 603 3155 states
614 3122 641 3154 or
652 3107 825 3158 communities
836 3108 864 3157 ol
877 3107 949 3173 Gaul.

73 3184 144 3234 ‘Eoo
155 3201 192 3232 res
203 3183 261 3232 here
276 3182 353 3233 refers
367 3191 393 3230 to
404 3181 436 3230 cll
452 3181 494 3229 the
510 3179 745 3230 before-mentioned
755 3182 848 3242 points:
866 3183 907 3230 the
919 3197 970 3229 em·

43 3243 160 3304 bassyhe
168 3242 305 3290 undertook
315 3241 417 3291 himself
425 3243 502 3299 (sibak
514 3241 558 3289 but
570 3239 610 3288 the
620 3239 690 3290 other
698 3249 799 3290 matters
810 3242 840 3289 he
851 3239 971 3289 intrustsd

40 3303 123 3348 totbe
132 3317 189 3348 care
199 3301 229 3348 ol
239 3302 329 3350 others.
392 3366 395 3371 ἢ
