2146 3704
89 223 130 312 ὁ]
388 271 431 312 DE
451 270 549 312 nuum
569 269 706 311 estmoe.

88 378 168 453 hanc¹
179 395 240 432 esse
252 378 376 451 Galliam,
389 379 458 435 sicut
471 380 544 434 illam
554 388 681 434 nostram.
716 377 753 433 Ut
765 375 817 449 ipsi
830 376 942 431 concedi
958 393 1013 434 non

89 455 228 521 oporteret,
248 449 271 504 si
289 449 317 503 in
333 457 435 503 nostros
453 449 522 503 fines
541 450 675 520 impetum
692 447 802 519 faceret,
822 447 862 500 sic
880 447 946 501 item
963 463 1014 502 nos

89 534 150 572 esse
160 518 273 591 iniquos,
282 519 354 591 qnod
363 519 390 572 in
399 536 447 573 suo
457 518 804 590 joreseinterpcllaremus.
831 515 907 576 Quod
916 515 1014 572 iratres

88 587 117 711 ke
137 588 395 661 senatusconsulto]
415 590 522 643 Aeduos
540 588 688 660 appellatos
707 587 816 658 diceret,
834 603 886 640 non
906 603 937 640 se
956 594 1014 642 tarn

109 658 233 713 arborum
252 675 341 730 neque
361 668 417 714 tam
436 659 592 731 imperitum
611 675 672 713 esse
692 674 789 729 rerum,
811 664 911 710 utnon
932 656 1015 713 sciret

89 743 178 798 neque
196 727 268 783 bello
283 729 458 799 Allobrogum
475 729 595 801 proximo
610 727 720 783 Aeduos
736 727 864 783 Romanis
881 725 1015 782 auxilinm

89 796 183 851 tulisse
201 815 291 869 neque
309 797 381 869 ipsos
398 801 425 853 in
441 799 483 854 his
501 798 715 854 contentionibus
753 814 803 851 uas
813 795 903 850 Aedui
919 812 1014 851 secum

89 874 117 919 et
129 883 193 921 curn
204 868 335 940 Sequanis
353 868 516 942 habuissent,
528 868 628 923 auxilio
639 884 710 941 popu
722 869 731 921 i
780 865 855 920 meni
866 882 930 919 usos
943 882 1014 920 esse.

54 956 60 966 ·
89 934 195 991 Debere
207 954 237 991 se
255 936 385 1008 suspicari
400 937 527 993 simulate
539 939 681 992 Caesarem
700 936 839 1006 amicitia,²
849 935 921 1006 quod
939 951 1015 989 erer-

89 1004 172 1060 citum
190 1004 218 1080 in
235 1005 324 1061 Gallie
340 1006 447 1079 habeat,
467 1007 509 1072 sui
526 1007 695 1080 opprimendi
712 1024 795 1062 causo
813 1005 923 1061 habere.
960 1004 1021 1065 Qui'

58 1132 62 1147 ,
88 1073 142 1128 nisi
153 1075 269 1130 decedet
286 1084 369 1148 atque
387 1077 535 1133 exercitum
548 1078 664 1131 deducat
677 1094 712 1131 ex
723 1077 767 1130 his
778 1075 938 1156 regionibus,
952 1090 1015 1129 sese

88 1142 167 1199 illum
178 1161 231 1199 uon
242 1162 289 1218 pro
300 1146 398 1218 amico,
411 1147 459 1201 sed
471 1164 518 1218 pro
536 1147 613 1201 hoste
631 1147 794 1201 habiturum.
824 1144 901 1205 Quod
914 1163 937 1198 sr
950 1161 1016 1199 enm

89 1211 261 1288 interfecerit,
278 1216 371 1270 multis
389 1234 450 1271 sese
466 1217 601 1272 nobilibus
618 1215 836 1296 principibusque
854 1214 946 1286 populi
964 1215 1017 1269 Ro-

88 1283 164 1347 mani
174 1293 280 1354 gotum
292 1302 353 1341 esse
366 1285 516 1342 lecturum:
535 1287 563 1340 id
576 1303 605 1340 se
618 1287 653 1340 ab
665 1286 730 1359 ipsis
742 1301 896 1356 percorum
906 1284 1018 1340 nuntios

89 1362 258 1427 compertum
268 1355 379 1427 habere,
391 1372 504 1428 quorum
516 1357 638 1411 omnium
649 1355 763 1426 gratiam
774 1365 856 1426 atque
864 1353 1017 1421 amicitiem

90 1421 150 1494 ejus
168 1432 253 1480 morte
269 1424 401 1481 redimere
418 1434 518 1499 posset.
549 1425 666 1488 Quodsi
683 1425 846 1480 decessisset
859 1432 887 1478 et
900 1423 1017 1481 liberam

88 1493 287 1564 possessionem
298 1494 402 1550 Galliae
415 1496 467 1551 sibi
479 1496 640 1567 tradidisset,
652 1512 752 1564 magno
765 1511 794 1548 se
807 1492 883 1547 illum
894 1493 1018 1564 praemio

89 1573 322 1620 remuneraturum
335 1564 559 1639 et‘qnaecumque
571 1564 643 1621 bello
654 1566 711 1636 geri
718 1564 809 1636 vellet,
819 1564 876 1618 sine
888 1562 944 1617 ullo
955 1563 1022 1637 eJ'ns

88 1631 179 1687 labore
192 1642 219 1689 et
229 1634 349 1705 periculo
360 1636 555 1692 confecturum.
590 1698 592 1702 ³

102 1708 105 1766 j
123 1707 167 1769 4⁵·
185 1702 275 1762 Multa
285 1705 321 1759 ab
333 1706 448 1760 Caesare
460 1706 487 1761 in
504 1723 566 1761 eam
584 1703 756 1759 sententiam⁸
765 1703 837 1758 dicto
849 1708 919 1774 sunt,
931 1706 1020 1773 quare

88 1773 196 1843 negotio
219 1774 357 1845 desistere
368 1792 422 1830 non
440 1783 539 1847 posset,
560 1783 588 1830 et
607 1792 697 1846 neque
717 1790 795 1828 suom
815 1789 904 1842 neque
923 1772 1016 1844 populi

88 1840 203 1910 Romani
217 1844 440 1901 consuetudinem
451 1846 515 1917 poti,
528 1845 568 1898 uti
587 1845 688 1917 optime
705 1843 816 1899 meritos
833 1842 926 1917 socios·
937 1842 1016 1896 dese·

89 1918 160 1973 reret
181 1928 270 1983 neque
288 1931 317 1967 se
335 1913 456 1985 judicare
472 1915 588 1969 Galliam
602 1915 692 1985 potios
709 1928 771 1981 esse
782 1912 917 1983 Ariovisti,
931 1928 1015 1984 quam

123 1996 160 2051 pu
170 1981 180 2053 i
191 1981 314 2036 Romani.
350 1984 425 2038 Bello
439 1991 577 2056 superatos
594 1999 655 2037 esse
666 1984 801 2037 Amemos
811 1989 838 2036 et
849 1983 969 2050 Rutenos
979 1980 1018 2037 ab

89 1995 123 2109 ἓ
135 2047 218 2105 sabio
229 2051 370 2124 Maximo:
381 2053 479 2134 quibus
493 2053 607 2125 populos
617 2054 755 2108 Romanus
766 2051 911 2122 ignovisset
922 2066 1021 2122 neque

88 2119 116 2174 in
128 2120 293 2191 provinciam
305 2123 454 2193 redegisset
465 2140 554 2195 neque
567 2122 730 2195 stipendium
742 2121 911 2193 inposuisset.
936 2118 1015 2180 Quod

89 2189 114 2243 si
131 2191 350 2272 antiquissimum
364 2191 491 2265 quodque
509 2200 564 2248 tem
585 2209 617 2247 ns
634 2193 749 2273 spectari
767 2199 906 2269 oporteret,
911 2188 1017 2313 <populi

88 2258 203 2333 Romani
222 2260 399 2317 'notissimum
422 2279 483 2317 esse
504 2262 535 2325 iu⁴
601 2262 638 2316 lia
656 2260 815 2334 imperium:
840 2259 862 2313 si
881 2276 909 2330 Ju
931 2260 1022 2325 mum

89 2336 199 2397 senatus
206 2278 342 2387 observari
349 2341 489 2404 oporteret,
497 2333 610 2387 liberam
618 2331 718 2386 debere
728 2348 788 2403 esse
795 2330 920 2401 Galliam,
931 2332 1023 2400 quem

88 2397 161 2455 bello
173 2401 273 2456 victam
285 2401 343 2457 suis
352 2402 459 2472 legibus
472 2402 510 2459 uti
520 2400 660 2458 voluisset.

102 2472 168 2527 'ld
188 2471 261 2528 Dum
280 2471 351 2528 heco
373 2472 401 2527 in
424 2469 555 2544 colloquio
574 2478 709 2543 geruntur,
730 2469 838 2526 caesari
860 2468 1019 2524 nuntiatum·

88 2542 131 2594 e'st
142 2540 248 2613 equites
258 2541 385 2598 Ariovisti
397 2542 506 2667 propius
519 2541 654 2597 tumulum
672 2541 802 2594 accedere
820 2547 848 2592 et
864 2539 899 2592 od
911 2536 1020 2592 nostros'

88 2610 253 2683 adequitare,
261 2612 397 2684 lepideste
424 2613 512 2684 quein
521 2611 769 2682 nostrosoonjicere.
782 2606 1016 2678 caesarioquendt

87 2678 172 2736 finem
182 2681 247 2736 fecit
262 2699 346 2754 seque
361 2682 397 2737 ed
414 2699 478 2738 suos
494 2683 596 2755 recepit
611 2682 721 2752 suisque
732 2678 881 2751 imperavit,
894 2695 929 2731 ne
941 2675 1016 2749 quod

86 2882 214 2994 „zazou
231 2884 355 2944 Gallim
376 2886 477 2946 thetis,
494 2888 555 2936 loric
571 2885 668 2936 Galliae
682 2893 783 2951 portem
819 2882 869 2932 See
884 2880 955 2942 chop.
972 2883 1014 2939 22,

115 3017 265 3077 'Amicnm
283 3019 390 3082 nomely,
408 3019 445 3069 lor
460 3019 502 3069 tho
518 3018 611 3077 Aedui,
629 3017 723 3080 though
739 3017 758 3066 it
774 3031 832 3076 moy
842 3013 902 3085 ,also
918 3014 950 3063 bs
970 3010 1013 3064 the

86 3076 220 3140 friendship
230 3078 326 3141 alleged
336 3088 362 3129 to
372 3080 436 3130 exist
447 3081 561 3129 between
570 3079 613 3128 the
624 3077 735 3129 Romans
745 3076 793 3125 ond
803 3076 953 3124 Ariovistus.

114 3149 164 3200 'In
174 3170 224 3202 eom
233 3153 384 3211 sententiam,
399 3157 440 3202 ‘to
450 3152 500 3201 this
510 3151 602 3210 effect)
614 3166 642 3200 or
654 3155 696 3198 ‘to
705 3149 776 3198 show
786 3147 825 3198 bis
835 3145 951 3208 opinion.¹

114 3225 125 3252 ⁴
139 3218 173 3281 Q·
186 3225 279 3276 Fabius
293 3225 419 3277 Muimds
433 3242 485 3276 wes
499 3225 585 3276 consul
599 3224 625 3273 in
638 3239 662 3273 s.
677 3237 698 3272 c.
714 3225 766 3279 121,
781 3221 828 3270 ond
844 3220 870 3269 iu
885 3219 937 3290 thot
954 3231 1014 3280 yeor

65 3282 179 3386 'm
186 3284 282 3344 munst
300 3285 344 3337 the
358 3285 517 3349 Allobroges.
535 3283 651 3342 Arverni,
671 3281 719 3353 uod
739 3279 841 3366 Romul,
861 3278 923 3329 with
942 3286 1010 3341 grem
1034 3383 1042 3391 ·
