2146 3704
69 225 131 287 2⁰6
328 221 331 227 ’
376 245 416 287 nu
438 246 536 287 sauro
556 243 692 286 armico.

69 352 124 423 bar,
136 356 231 423 quum¹
242 353 320 425 primi
337 355 445 409 ordines
462 355 578 409 hostium
598 354 716 408 transfixi
733 354 795 424 pilis
806 354 999 428 concidissent.

70 431 161 476 tamen
182 425 312 488 acerrime
333 426 427 496 reliqui
448 425 614 495 resistebant,
636 442 687 477 nec
710 425 793 479 dabat
814 426 993 496 suspicionem

70 490 150 562 fugae
163 495 315 564 quisquam.
345 498 407 566 Ipse
419 495 475 549 dux
487 495 604 550 hostium
616 495 815 563 Camulogenus
827 497 886 548 suis
896 494 994 549 aderat¹

70 572 152 634 atque
171 582 218 617 eos
236 565 431 620 cohortabatur.
467 568 511 635 At,
532 567 631 618 incerto
651 566 826 618 etiamnunc
848 565 924 619 exitu
942 564 994 619 vic·

71 635 160 703 toriae,
173 653 257 704 quum
271 637 402 705 septimae
415 635 527 704 legionis
539 635 650 688 tribunis
662 643 734 687 esset
745 633 914 705 nunciatum,
927 651 994 705 quae

70 702 99 757 in
119 705 223 758 sinistro
241 722 323 759 cornu
342 714 504 774 gererentur,
521 715 579 774 post
599 714 703 773 tergum
723 702 842 757 hostium
863 704 994 773 legionem

69 775 243 829 ostenderunt
266 775 396 844 signaque
420 775 575 828 intulerunt.
610 776 653 828 Ne
677 791 709 826 eo
731 773 842 843 quidem
867 774 995 845 tempore¹

69 845 214 914 quisquam
238 845 296 899 loco
319 845 409 914 cessit,
430 843 479 897 sed
499 844 674 900 circumventi
693 861 788 897 omnes
807 843 994 914 interfectique

69 923 140 966 sunt.
185 915 320 967 Eamdem
342 914 477 979 fortunam
500 913 558 967 tulit
581 913 787 982 Camulogenus.
832 915 870 967 At
893 912 920 984 ii,
950 914 994 984 qui

69 982 201 1051 praesidio
220 991 311 1044 contra
328 993 415 1036 castra
433 983 544 1037 Labieni
563 993 638 1036 erant
656 983 748 1051 relicti,
761 999 848 1052 quum
866 983 994 1054 proelium

69 1052 243 1106 commissum
261 1052 408 1123 audissent,
427 1052 546 1106 subsidio
563 1054 620 1107 suis
639 1053 724 1106 ierunt
744 1052 898 1122 collemque
919 1069 993 1124 cepe·

69 1130 137 1192 runt,
151 1125 249 1192 neque⁴
266 1130 415 1177 nostrorum
433 1123 550 1177 militum
565 1123 696 1176 victorum
714 1123 847 1192 impeturn
865 1123 993 1176 sustinere

69 1201 220 1261 potuerunt.
267 1193 311 1247 Sic
334 1210 398 1247 cum
421 1193 478 1246 suis
507 1192 671 1261 fugientibus
694 1191 827 1262 permixti,
852 1209 923 1262 quos
945 1208 993 1246 nou

69 1262 152 1315 silvae
170 1272 328 1332 montesque
347 1271 476 1331 texerunt,
496 1261 531 1314 ab
549 1262 668 1330 equitatu
682 1269 743 1314 sunt
761 1261 903 1315 interfecti.
940 1261 994 1314 Hoc

68 1332 173 1399 negotio
192 1332 321 1398 confecto,
342 1331 478 1384 Labienus
496 1331 636 1384 revertitur
654 1330 833 1401 Agendicum,
846 1331 894 1384 ubi
912 1330 993 1401 impe·

69 1400 190 1454 dimeuta
211 1402 292 1455 totius
311 1401 445 1455 exercitus
468 1400 559 1454 relicta
579 1409 669 1454 erant:
696 1400 759 1454 inde
783 1417 848 1454 cum
871 1401 994 1454 omnihus

68 1471 154 1541 copiis
165 1471 199 1524 ad
212 1472 357 1525 Caesarem
368 1472 499 1541 pervenit.

104 1546 145 1594 63.
165 1541 323 1605 Defectione
342 1542 498 1595 Aeduorum
522 1541 634 1609 cognita,
653 1539 756 1594 bellum
775 1541 910 1608 augetur·
945 1539 993 1592 Le·

67 1611 189 1678 gationea
207 1613 235 1664 iu
252 1629 347 1666 omues
364 1622 453 1681 partes
471 1610 727 1664 circummittuntur:
750 1619 882 1678 quantum
900 1610 992 1680 gratia,

68 1681 232 1749 auctoritate,
254 1681 369 1751 pecunia
388 1681 486 1751 valent,
507 1680 552 1733 ad⁶
569 1678 748 1733 sollicitandas
766 1678 891 1731 civitates
909 1679 992 1733 nitun-

68 1757 119 1803 tur.
155 1751 236 1803 Nacti
248 1751 365 1820 obsides,
378 1768 445 1820 quos
457 1751 555 1804 Caesar
566 1749 637 1820 apud
656 1765 702 1801 eos
718 1748 887 1817 deposuerat,
900 1747 992 1803 horum

68 1821 197 1889 supplicio
215 1820 369 1874 dubitantes
386 1821 515 1873 territant.
557 1820 655 1873 Petunt
672 1835 689 1870 a
705 1817 924 1886 Vercingetorige
942 1820 992 1872 Ae-

68 1888 123 1958 dui,
136 1888 170 1941 ad
190 1905 219 1942 se
232 1890 322 1943 veniat
340 1888 509 1958 rationesque
526 1887 592 1942 belli
607 1887 718 1958 gerendi
729 1886 921 1940 communicet.
955 1887 992 1942 Re

68 1955 211 2036 impetrata
229 1957 400 2024 contendunt,
422 1964 451 2009 ut
471 1957 536 2025 ipsis
556 1974 663 2010 summa
681 1956 786 2026 imperii
807 1956 941 2026 tradatur,
966 1964 1000 2010 et.

69 2040 97 2078 re
110 2044 137 2078 ru
148 2027 355 2078 controversiam
366 2024 491 2092 deducta,
505 2027 586 2077 totius
598 2025 702 2078 Galliae
715 2025 857 2078 concilium
871 2025 991 2080 Bibracte

68 2094 201 2147 indicitur.
238 2093 342 2146 Eodem
354 2093 515 2146 conveniunt
532 2094 652 2162 undique
670 2095 834 2164 frequentes.
871 2095 991 2151 Multitu-

68 2163 140 2217 dinis
159 2162 292 2231 suffragiis
309 2179 352 2215 res
368 2161 544 2231 permittitur:
562 2163 597 2215 ad
616 2181 701 2217 unum
716 2181 810 2217 omnes
821 2164 991 2233 Vercingeto-

69 2232 153 2300 rigem
176 2232 288 2303 probant
311 2232 509 2301 imperatorem.
545 2232 589 2287 Ab
612 2233 663 2286 hoo
686 2233 797 2287 concilio
820 2234 906 2303 Remi,
933 2235 992 2289 Lin-

68 2319 158 2372 gones,
179 2303 281 2356 Treviri
303 2301 442 2356 afuerunt:
469 2302 525 2371 itri,⁷
548 2302 619 2372 quod
642 2303 789 2356 amicitiam
812 2303 992 2358 Romanorum

69 2373 266 2443 sequebantur,
284 2372 394 2441 Treviri,
413 2372 482 2441 quod
501 2371 611 2425 aberant
630 2372 734 2441 longius
751 2382 778 2425 et
796 2371 832 2425 ab
850 2373 991 2426 Germanis

69 2443 274 2511 premebantur:
293 2459 363 2512 quae
383 2441 433 2495 fuit
453 2458 542 2511 causa,
556 2450 638 2511 quare
658 2450 711 2493 toto
731 2440 858 2495 abessent
876 2442 948 2495 bello
965 2450 990 2496 et

69 2512 169 2565 neutris
191 2513 291 2566 auxilia
313 2513 458 2566 mitterent.
494 2512 594 2580 Magno
618 2510 707 2564 dolore
730 2510 820 2563 Aedui
844 2510 941 2593 ferunt,
962 2528 990 2564 se

99 2645 108 2671 ¹
120 2642 198 2711 Quam
209 2644 253 2692 has
265 2644 306 2692 the
318 2644 432 2704 meaning
443 2628 471 2691 of
482 2645 599 2704 quamuis,
615 2641 767 2703 ‘although’
781 2642 883 2691 whence
895 2643 937 2693 the
948 2643 997 2692 fol-⁴

70 2698 161 2762 lowrng
171 2712 256 2750 tamen.

98 2773 210 2823 ’Adesse
219 2776 302 2832 alicui,
318 2780 358 2824 ‘to
370 2775 444 2824 assist
456 2776 482 2823 in
492 2775 572 2822 words
584 2789 611 2822 or
621 2774 645 2821 in
656 2773 735 2822 dead!

98 2845 109 2875 ⁸
122 2846 231 2909 Tacapas„
244 2847 269 2895 in
279 2847 329 2895 this
339 2863 451 2908 passage,
465 2849 495 2905 is,
510 2847 566 2895 ‘the
578 2847 684 2895 decisive
695 2862 723 2896 or
733 2847 827 2896 critical
839 2850 966 2899 moment!

98 2919 147 2969 ’Ν
170 2937 208 2977 rra,
221 2919 278 2967 here
294 2919 342 2967 aud
357 2920 501 2977 elsewhere,
514 2921 559 2969 has
575 2920 727 2968 adversative
743 2936 834 2980 power,
847 2923 922 2984 being
933 2920 991 2972 used

69 2979 128 3030 fors
168 2996 225 3036 aon,
237 2994 312 3040 aeque
322 2987 407 3035 tamea,
418 2995 446 3027 or
455 2995 530 3040 neque
540 2997 600 3027 cero.
633 2979 754 3038 Compare
765 2980 796 3028 iv.
808 2985 847 3030 26.

100 3053 175 3102 ‘The
187 3068 238 3100 war
249 3052 270 3100 is
281 3052 415 3108 increased,
429 3052 556 3100 inasmuch
568 3068 594 3099 as
607 3051 649 3099 the
665 3051 743 3100 revolt
753 3052 782 3100 of
794 3053 835 3101 the
847 3054 930 3103 Aedui
940 3053 991 3102 also

72 3112 176 3161 induced
186 3112 256 3160 other
266 3111 343 3160 tribes
354 3121 380 3160 to
391 3121 430 3172 try
441 3120 467 3158 to
477 3110 556 3158 shake
567 3109 606 3158 off
611 3110 653 3158 the
665 3111 729 3170 yoke
739 3111 769 3178 of
775 3111 817 3161 the
829 3113 947 3162 Romans.

101 3185 207 3233 ⁶Before
223 3187 255 3233 ad
270 3199 308 3233 wc
325 3192 391 3233 must
407 3183 480 3245 apply
491 3191 594 3241 tantum,
607 3184 795 3248 correspondiug
805 3185 866 3237 with
880 3185 923 3237 the
937 3198 989 3247 pra·

72 3243 160 3304 ceding
169 3253 292 3305 quantam.

101 3313 181 3378 tnta·
195 3315 305 3379 namely,
318 3316 360 3367 the
372 3315 446 3385 Remi
456 3314 504 3367 and
515 3313 647 3379 Lingones.
