<?xml version="1.0" encoding="UTF-8"?>
<!DOCTYPE html PUBLIC "-//W3C//DTD XHTML 1.0 Transitional//EN"
    "http://www.w3.org/TR/xhtml1/DTD/xhtml1-transitional.dtd">
<html xmlns="http://www.w3.org/1999/xhtml" xml:lang="en" lang="en">
 <head>
  <title>
</title>
<meta http-equiv="Content-Type" content="text/html;charset=utf-8" />
  <meta name='ocr-system' content='tesseract 3.04.00' />
  <meta name='ocr-capabilities' content='ocr_page ocr_carea ocr_par ocr_line ocrx_word'/>
</head>
<body>
  <div class='ocr_page' id='page_1' title='image "./cjuliicaesarisc02caesgoog_0211.png"; bbox 0 0 2146 3704; ppageno 0'>
   <div class='ocr_carea' id='block_1_1' title="bbox 74 234 701 297">
    <p class='ocr_par' dir='ltr' id='par_1_1' title="bbox 74 234 701 297">
     <span class='ocr_line' id='line_1_1' title="bbox 74 234 701 297; baseline 0 -1"><span class='ocrx_word' id='word_1_1' title='bbox 74 234 135 296; x_wconf 71' lang='lat'><strong>2⁰2</strong></span> <span class='ocrx_word' id='word_1_2' title='bbox 383 254 425 295; x_wconf 81' lang='lat' dir='ltr'><strong>nn</strong></span> <span class='ocrx_word' id='word_1_3' title='bbox 446 256 543 297; x_wconf 80' lang='lat' dir='ltr'><strong>nanno</strong></span> <span class='ocrx_word' id='word_1_4' title='bbox 565 253 701 296; x_wconf 78' lang='lat' dir='ltr'><strong>aaamco.</strong></span> 
     </span>
    </p>
   </div>
   <div class='ocr_carea' id='block_1_2' title="bbox 69 360 1002 2084">
    <p class='ocr_par' dir='ltr' id='par_1_2' title="bbox 69 360 1002 1675">
     <span class='ocr_line' id='line_1_2' title="bbox 74 360 1000 432; baseline 0.004 -18"><span class='ocrx_word' id='word_1_5' title='bbox 74 361 174 414; x_wconf 88' lang='lat' dir='ltr'><strong>nissenl</strong></span> <span class='ocrx_word' id='word_1_6' title='bbox 186 368 213 415; x_wconf 88' lang='lat' dir='ltr'><strong>at</strong></span> <span class='ocrx_word' id='word_1_7' title='bbox 225 361 260 416; x_wconf 92' lang='lat' dir='ltr'><strong>de</strong></span> <span class='ocrx_word' id='word_1_8' title='bbox 272 369 344 417; x_wconf 82' lang='lat' dir='ltr'><strong>statu</strong></span> <span class='ocrx_word' id='word_1_9' title='bbox 354 361 471 417; x_wconf 88' lang='lat' dir='ltr'><strong>civitatis</strong></span> <span class='ocrx_word' id='word_1_10' title='bbox 489 362 693 432; x_wconf 85' lang='lat' dir='ltr'><strong>cognovissent‚¹</strong></span> <span class='ocrx_word' id='word_1_11' title='bbox 703 360 857 416; x_wconf 82' lang='lat' dir='ltr'><strong>Litavicum</strong></span> <span class='ocrx_word' id='word_1_12' title='bbox 867 360 1000 418; x_wconf 78' lang='lat' dir='ltr'><strong>Bibracts’</strong></span> 
     </span>
     <span class='ocr_line' id='line_1_3' title="bbox 72 429 999 503; baseline 0.006 -21"><span class='ocrx_word' id='word_1_13' title='bbox 72 431 108 483; x_wconf 89' lang='lat' dir='ltr'><strong>ab</strong></span> <span class='ocrx_word' id='word_1_14' title='bbox 123 430 226 484; x_wconf 83' lang='lat' dir='ltr'>Aeduis</span> <span class='ocrx_word' id='word_1_15' title='bbox 242 441 387 502; x_wconf 89' lang='lat' dir='ltr'><strong>receptum,</strong></span> <span class='ocrx_word' id='word_1_16' title='bbox 405 432 476 503; x_wconf 92' lang='lat' dir='ltr'><strong>quod</strong></span> <span class='ocrx_word' id='word_1_17' title='bbox 497 444 537 485; x_wconf 88' lang='lat' dir='ltr'><strong>est</strong></span> <span class='ocrx_word' id='word_1_18' title='bbox 556 429 684 501; x_wconf 90' lang='lat' dir='ltr'><strong>oppidum</strong></span> <span class='ocrx_word' id='word_1_19' title='bbox 704 430 775 500; x_wconf 92' lang='lat' dir='ltr'><strong>apud</strong></span> <span class='ocrx_word' id='word_1_20' title='bbox 795 447 843 484; x_wconf 88' lang='lat' dir='ltr'><strong>eos</strong></span> <span class='ocrx_word' id='word_1_21' title='bbox 861 432 999 488; x_wconf 83' lang='lat' dir='ltr'><strong>maximae</strong></span> 
     </span>
     <span class='ocr_line' id='line_1_4' title="bbox 72 500 999 572; baseline 0.006 -22"><span class='ocrx_word' id='word_1_22' title='bbox 72 501 244 570; x_wconf 80' lang='lat' dir='ltr'><strong>auctoritatis,</strong></span> <span class='ocrx_word' id='word_1_23' title='bbox 268 500 506 555; x_wconf 74' lang='lat' dir='ltr'><strong>Conuictolitauem</strong></span> <span class='ocrx_word' id='word_1_24' title='bbox 527 503 712 569; x_wconf 84' lang='lat' dir='ltr'><strong>magistratum</strong></span> <span class='ocrx_word' id='word_1_25' title='bbox 736 516 918 570; x_wconf 82' lang='lat' dir='ltr'><strong>magnamque</strong></span> <span class='ocrx_word' id='word_1_26' title='bbox 941 519 999 572; x_wconf 89' lang='lat' dir='ltr'><strong>par·</strong></span> 
     </span>
     <span class='ocr_line' id='line_1_5' title="bbox 73 569 1001 640; baseline 0.006 -20"><span class='ocrx_word' id='word_1_27' title='bbox 73 576 128 622; x_wconf 90' lang='lat' dir='ltr'><strong>tern</strong></span> <span class='ocrx_word' id='word_1_28' title='bbox 147 579 257 623; x_wconf 85' lang='lat' dir='ltr'><strong>senatus</strong></span> <span class='ocrx_word' id='word_1_29' title='bbox 274 570 309 623; x_wconf 86' lang='lat' dir='ltr'><strong>ad</strong></span> <span class='ocrx_word' id='word_1_30' title='bbox 327 586 391 623; x_wconf 89' lang='lat' dir='ltr'><strong>eum</strong></span> <span class='ocrx_word' id='word_1_31' title='bbox 408 571 573 640; x_wconf 82' lang='lat' dir='ltr'><strong>convenisse,</strong></span> <span class='ocrx_word' id='word_1_32' title='bbox 590 570 615 622; x_wconf 92' lang='lat' dir='ltr'><strong>le</strong></span> <span class='ocrx_word' id='word_1_33' title='bbox 650 577 689 622; x_wconf 88' lang='lat' dir='ltr'><strong>tos</strong></span> <span class='ocrx_word' id='word_1_34' title='bbox 708 569 743 621; x_wconf 88' lang='lat' dir='ltr'><strong>ad</strong></span> <span class='ocrx_word' id='word_1_35' title='bbox 754 569 1001 638; x_wconf 78' lang='lat' dir='ltr'><strong>Vercingetorigem</strong></span> 
     </span>
     <span class='ocr_line' id='line_1_6' title="bbox 72 637 1000 709; baseline 0.003 -19"><span class='ocrx_word' id='word_1_36' title='bbox 72 637 108 690; x_wconf 89' lang='lat' dir='ltr'><strong>de</strong></span> <span class='ocrx_word' id='word_1_37' title='bbox 127 655 195 709; x_wconf 84' lang='lat' dir='ltr'><strong>pace</strong></span> <span class='ocrx_word' id='word_1_38' title='bbox 213 648 240 692; x_wconf 91' lang='lat' dir='ltr'><strong>et</strong></span> <span class='ocrx_word' id='word_1_39' title='bbox 258 639 376 692; x_wconf 90' lang='lat' dir='ltr'><strong>amicitia</strong></span> <span class='ocrx_word' id='word_1_40' title='bbox 388 639 556 692; x_wconf 85' lang='lat' dir='ltr'><strong>concilianda</strong></span> <span class='ocrx_word' id='word_1_41' title='bbox 568 639 622 708; x_wconf 94' lang='lat' dir='ltr'><strong>pub</strong></span> <span class='ocrx_word' id='word_1_42' title='bbox 634 638 674 690; x_wconf 87' lang='lat' dir='ltr'><strong>ica</strong></span> <span class='ocrx_word' id='word_1_43' title='bbox 686 637 797 691; x_wconf 87' lang='lat' dir='ltr'><strong>missos:</strong></span> <span class='ocrx_word' id='word_1_44' title='bbox 817 655 871 691; x_wconf 90' lang='lat' dir='ltr'><strong>non</strong></span> <span class='ocrx_word' id='word_1_45' title='bbox 882 649 1000 708; x_wconf 88' lang='lat' dir='ltr'><strong>praeter·</strong></span> 
     </span>
     <span class='ocr_line' id='line_1_7' title="bbox 72 707 1002 779; baseline 0.002 -19"><span class='ocrx_word' id='word_1_46' title='bbox 72 707 235 765; x_wconf 89' lang='lat' dir='ltr'><strong>mittendum</strong></span> <span class='ocrx_word' id='word_1_47' title='bbox 258 717 363 761; x_wconf 85' lang='lat' dir='ltr'><strong>tantum</strong></span> <span class='ocrx_word' id='word_1_48' title='bbox 382 708 555 761; x_wconf 86' lang='lat' dir='ltr'><strong>commodum</strong></span> <span class='ocrx_word' id='word_1_49' title='bbox 574 707 802 761; x_wconf 81' lang='lat' dir='ltr'><strong>existimaverunt.</strong></span> <span class='ocrx_word' id='word_1_50' title='bbox 838 707 941 779; x_wconf 89' lang='lat' dir='ltr'><strong>Itaque,</strong></span> <span class='ocrx_word' id='word_1_51' title='bbox 961 709 1002 762; x_wconf 90' lang='lat' dir='ltr'><strong>in·</strong></span> 
     </span>
     <span class='ocr_line' id='line_1_8' title="bbox 72 775 1001 846; baseline 0.005 -18"><span class='ocrx_word' id='word_1_52' title='bbox 72 775 191 830; x_wconf 82' lang='lat' dir='ltr'><strong>terfectis</strong></span> <span class='ocrx_word' id='word_1_53' title='bbox 214 777 366 831; x_wconf 86' lang='lat' dir='ltr'><strong>Novioduni</strong></span> <span class='ocrx_word' id='word_1_54' title='bbox 390 776 551 846; x_wconf 83' lang='lat' dir='ltr'><strong>custodibus,</strong></span> <span class='ocrx_word' id='word_1_55' title='bbox 576 777 686 846; x_wconf 80' lang='lat' dir='ltr'><strong>quique&#39;</strong></span> <span class='ocrx_word' id='word_1_56' title='bbox 708 792 740 828; x_wconf 90' lang='lat' dir='ltr'><strong>eo</strong></span> <span class='ocrx_word' id='word_1_57' title='bbox 769 776 925 844; x_wconf 87' lang='lat' dir='ltr'><strong>negotiandi</strong></span> <span class='ocrx_word' id='word_1_58' title='bbox 952 786 1001 833; x_wconf 80' lang='lat' dir='ltr'><strong>aut</strong></span> 
     </span>
     <span class='ocr_line' id='line_1_9' title="bbox 73 844 999 915; baseline 0.003 -18"><span class='ocrx_word' id='word_1_59' title='bbox 73 844 176 899; x_wconf 90' lang='lat' dir='ltr'><strong>itineris</strong></span> <span class='ocrx_word' id='word_1_60' title='bbox 192 848 283 899; x_wconf 83' lang='lat' dir='ltr'><strong>causa⁴</strong></span> <span class='ocrx_word' id='word_1_61' title='bbox 299 854 486 915; x_wconf 87' lang='lat' dir='ltr'><strong>convenerant,</strong></span> <span class='ocrx_word' id='word_1_62' title='bbox 504 846 647 914; x_wconf 88' lang='lat' dir='ltr'><strong>pecuniam</strong></span> <span class='ocrx_word' id='word_1_63' title='bbox 670 854 751 914; x_wconf 91' lang='lat' dir='ltr'><strong>atque</strong></span> <span class='ocrx_word' id='word_1_64' title='bbox 775 861 859 915; x_wconf 90' lang='lat' dir='ltr'><strong>equos</strong></span> <span class='ocrx_word' id='word_1_65' title='bbox 883 846 952 900; x_wconf 88' lang='lat' dir='ltr'><strong>inter</strong></span> <span class='ocrx_word' id='word_1_66' title='bbox 968 864 999 900; x_wconf 90' lang='lat' dir='ltr'><strong>aa</strong></span> 
     </span>
     <span class='ocr_line' id='line_1_10' title="bbox 71 913 999 982; baseline 0.004 -16"><span class='ocrx_word' id='word_1_67' title='bbox 71 915 160 982; x_wconf 88' lang='lat' dir='ltr'><strong>partiti</strong></span> <span class='ocrx_word' id='word_1_68' title='bbox 179 924 255 982; x_wconf 87' lang='lat' dir='ltr'><strong>sunt;</strong></span> <span class='ocrx_word' id='word_1_69' title='bbox 272 914 380 969; x_wconf 87' lang='lat' dir='ltr'><strong>obsides</strong></span> <span class='ocrx_word' id='word_1_70' title='bbox 397 915 536 967; x_wconf 85' lang='lat' dir='ltr'><strong>civitatum</strong></span> <span class='ocrx_word' id='word_1_71' title='bbox 554 914 678 967; x_wconf 82' lang='lat' dir='ltr'><strong>Bibracte</strong></span> <span class='ocrx_word' id='word_1_72' title='bbox 695 913 730 966; x_wconf 92' lang='lat' dir='ltr'><strong>ad</strong></span> <span class='ocrx_word' id='word_1_73' title='bbox 747 915 937 982; x_wconf 85' lang='lat' dir='ltr'><strong>magistratum</strong></span> <span class='ocrx_word' id='word_1_74' title='bbox 952 914 999 970; x_wconf 87' lang='lat' dir='ltr'><strong>de·</strong></span> 
     </span>
     <span class='ocr_line' id='line_1_11' title="bbox 71 982 997 1054; baseline 0.004 -20"><span class='ocrx_word' id='word_1_75' title='bbox 71 982 208 1036; x_wconf 89' lang='lat' dir='ltr'><strong>ducendos</strong></span> <span class='ocrx_word' id='word_1_76' title='bbox 226 991 384 1036; x_wconf 88' lang='lat' dir='ltr'><strong>curaverunt</strong></span> <span class='ocrx_word' id='word_1_77' title='bbox 392 1000 400 1051; x_wconf 77' lang='lat'>5</span> <span class='ocrx_word' id='word_1_78' title='bbox 418 982 554 1053; x_wconf 80' lang='lat' dir='ltr'><strong>oppidum,</strong></span> <span class='ocrx_word' id='word_1_79' title='bbox 568 983 638 1052; x_wconf 92' lang='lat' dir='ltr'><strong>quod</strong></span> <span class='ocrx_word' id='word_1_80' title='bbox 656 982 691 1036; x_wconf 89' lang='lat' dir='ltr'><strong>ab</strong></span> <span class='ocrx_word' id='word_1_81' title='bbox 708 1000 739 1035; x_wconf 89' lang='lat' dir='ltr'><strong>se</strong></span> <span class='ocrx_word' id='word_1_82' title='bbox 757 984 842 1036; x_wconf 89' lang='lat' dir='ltr'><strong>teneri</strong></span> <span class='ocrx_word' id='word_1_83' title='bbox 854 1001 908 1037; x_wconf 90' lang='lat' dir='ltr'><strong>non</strong></span> <span class='ocrx_word' id='word_1_84' title='bbox 920 1001 997 1054; x_wconf 88' lang='lat' dir='ltr'><strong>posse</strong></span> 
     </span>
     <span class='ocr_line' id='line_1_12' title="bbox 70 1050 997 1122; baseline 0.004 -19"><span class='ocrx_word' id='word_1_85' title='bbox 70 1050 233 1120; x_wconf 85' lang='lat' dir='ltr'><strong>judicabant,</strong></span> <span class='ocrx_word' id='word_1_86' title='bbox 246 1069 280 1104; x_wconf 89' lang='lat' dir='ltr'><strong>ne</strong></span> <span class='ocrx_word' id='word_1_87' title='bbox 298 1052 343 1105; x_wconf 86' lang='lat' dir='ltr'><strong>cui</strong></span> <span class='ocrx_word' id='word_1_88' title='bbox 359 1061 432 1105; x_wconf 90' lang='lat' dir='ltr'><strong>esset</strong></span> <span class='ocrx_word' id='word_1_89' title='bbox 443 1051 503 1104; x_wconf 91' lang='lat' dir='ltr'><strong>usui</strong></span> <span class='ocrx_word' id='word_1_90' title='bbox 513 1052 649 1122; x_wconf 74' lang='lat' dir='ltr'><strong>Romanis,</strong></span> <span class='ocrx_word' id='word_1_91' title='bbox 661 1052 836 1105; x_wconf 91' lang='lat' dir='ltr'><strong>incenderunt</strong></span> <span class='ocrx_word' id='word_1_92' title='bbox 844 1069 852 1122; x_wconf 67' lang='grc' dir='ltr'><strong><em>ς</em></strong></span> <span class='ocrx_word' id='word_1_93' title='bbox 870 1052 997 1108; x_wconf 85' lang='lat' dir='ltr'><strong>frumenti</strong></span> 
     </span>
     <span class='ocr_line' id='line_1_13' title="bbox 71 1120 996 1192; baseline 0.004 -20"><span class='ocrx_word' id='word_1_94' title='bbox 71 1120 151 1189; x_wconf 84' lang='lat' dir='ltr'><strong>quod⁶</strong></span> <span class='ocrx_word' id='word_1_95' title='bbox 169 1121 256 1174; x_wconf 91' lang='lat' dir='ltr'><strong>subito</strong></span> <span class='ocrx_word' id='word_1_96' title='bbox 274 1128 413 1192; x_wconf 87' lang='lat' dir='ltr'><strong>potuerunt</strong></span> <span class='ocrx_word' id='word_1_97' title='bbox 430 1121 545 1175; x_wconf 86' lang='lat' dir='ltr'><strong>navibus</strong></span> <span class='ocrx_word' id='word_1_98' title='bbox 561 1129 716 1190; x_wconf 84' lang='lat' dir='ltr'><strong>avexerunt,</strong></span> <span class='ocrx_word' id='word_1_99' title='bbox 735 1121 869 1190; x_wconf 88' lang='lat' dir='ltr'><strong>reliquum</strong></span> <span class='ocrx_word' id='word_1_100' title='bbox 887 1123 996 1176; x_wconf 91' lang='lat' dir='ltr'><strong>flumine</strong></span> 
     </span>
     <span class='ocr_line' id='line_1_14' title="bbox 70 1189 995 1269; baseline 0.004 -28"><span class='ocrx_word' id='word_1_101' title='bbox 70 1199 152 1259; x_wconf 91' lang='lat' dir='ltr'><strong>atque</strong></span> <span class='ocrx_word' id='word_1_102' title='bbox 170 1190 292 1244; x_wconf 89' lang='lat' dir='ltr'><strong>incendio</strong></span> <span class='ocrx_word' id='word_1_103' title='bbox 311 1199 497 1269; x_wconf 82' lang='lat' dir='ltr'><strong>corruperunt;</strong></span> <span class='ocrx_word' id='word_1_104' title='bbox 520 1190 570 1269; x_wconf 87' lang='lat' dir='ltr'><strong>ipsi</strong></span> <span class='ocrx_word' id='word_1_105' title='bbox 589 1207 624 1243; x_wconf 81' lang='lat' dir='ltr'><strong>ex</strong></span> <span class='ocrx_word' id='word_1_106' title='bbox 640 1189 761 1243; x_wconf 89' lang='lat' dir='ltr'><strong>finitimis</strong></span> <span class='ocrx_word' id='word_1_107' title='bbox 785 1191 939 1259; x_wconf 83' lang='lat' dir='ltr'><strong>regionibus</strong></span> <span class='ocrx_word' id='word_1_108' title='bbox 954 1209 995 1245; x_wconf 92' lang='lat' dir='ltr'><strong>co·</strong></span> 
     </span>
     <span class='ocr_line' id='line_1_15' title="bbox 70 1258 994 1332; baseline 0.003 -21"><span class='ocrx_word' id='word_1_109' title='bbox 70 1259 130 1328; x_wconf 89' lang='lat' dir='ltr'><strong>pias</strong></span> <span class='ocrx_word' id='word_1_110' title='bbox 153 1276 255 1327; x_wconf 84' lang='lat' dir='ltr'><strong>cogere,</strong></span> <span class='ocrx_word' id='word_1_111' title='bbox 280 1259 625 1329; x_wconf 78' lang='lat' dir='ltr'><strong>praesidia-custodiasque</strong></span> <span class='ocrx_word' id='word_1_112' title='bbox 646 1258 682 1311; x_wconf 82' lang='lat' dir='ltr'><strong>ad</strong></span> <span class='ocrx_word' id='word_1_113' title='bbox 702 1259 773 1327; x_wconf 81' lang='lat' dir='ltr'><strong>ripas</strong></span> <span class='ocrx_word' id='word_1_114' title='bbox 789 1260 893 1328; x_wconf 87' lang='lat' dir='ltr'><strong>Ligeris</strong></span> <span class='ocrx_word' id='word_1_115' title='bbox 910 1261 994 1332; x_wconf 89' lang='lat' dir='ltr'><strong>dispo·</strong></span> 
     </span>
     <span class='ocr_line' id='line_1_16' title="bbox 70 1326 994 1398; baseline 0.005 -19"><span class='ocrx_word' id='word_1_116' title='bbox 70 1343 142 1397; x_wconf 83' lang='lat' dir='ltr'><strong>nere,</strong></span> <span class='ocrx_word' id='word_1_117' title='bbox 156 1328 358 1397; x_wconf 83' lang='lat' dir='ltr'><strong>equitatumque</strong></span> <span class='ocrx_word' id='word_1_118' title='bbox 370 1327 495 1381; x_wconf 90' lang='lat' dir='ltr'><strong>omnibus</strong></span> <span class='ocrx_word' id='word_1_119' title='bbox 507 1327 580 1397; x_wconf 88' lang='lat' dir='ltr'><strong>locis,</strong></span> <span class='ocrx_word' id='word_1_120' title='bbox 590 1326 727 1396; x_wconf 87' lang='lat' dir='ltr'><strong>injiciendi</strong></span> <span class='ocrx_word' id='word_1_121' title='bbox 739 1328 845 1382; x_wconf 89' lang='lat' dir='ltr'><strong>timoris</strong></span> <span class='ocrx_word' id='word_1_122' title='bbox 855 1345 946 1398; x_wconf 82' lang='lat' dir='ltr'><strong>eausa,</strong></span> <span class='ocrx_word' id='word_1_123' title='bbox 955 1347 994 1384; x_wconf 88' lang='lat' dir='ltr'><strong>os-</strong></span> 
     </span>
     <span class='ocr_line' id='line_1_17' title="bbox 71 1396 993 1471; baseline 0.004 -23"><span class='ocrx_word' id='word_1_124' title='bbox 71 1405 177 1450; x_wconf 68' lang='lat' dir='ltr'><strong>tentare,</strong></span> <span class='ocrx_word' id='word_1_125' title='bbox 191 1406 342 1467; x_wconf 85' lang='lat' dir='ltr'><strong>coeperunt,</strong></span> <span class='ocrx_word' id='word_1_126' title='bbox 362 1396 385 1449; x_wconf 93' lang='lat' dir='ltr'><strong>si</strong></span> <span class='ocrx_word' id='word_1_127' title='bbox 401 1396 436 1450; x_wconf 87' lang='lat' dir='ltr'><strong>ab</strong></span> <span class='ocrx_word' id='word_1_128' title='bbox 454 1413 483 1449; x_wconf 91' lang='lat' dir='ltr'><strong>re</strong></span> <span class='ocrx_word' id='word_1_129' title='bbox 501 1396 674 1450; x_wconf 84' lang='lat' dir='ltr'><strong>frumentaria</strong></span> <span class='ocrx_word' id='word_1_130' title='bbox 690 1397 825 1450; x_wconf 89' lang='lat' dir='ltr'><strong>Romanos</strong></span> <span class='ocrx_word' id='word_1_131' title='bbox 842 1398 993 1471; x_wconf 84' lang='lat' dir='ltr'><strong>excludere,</strong></span> 
     </span>
     <span class='ocr_line' id='line_1_18' title="bbox 69 1464 994 1587; baseline 0.004 -70"><span class='ocrx_word' id='word_1_132' title='bbox 69 1474 116 1519; x_wconf 90' lang='lat' dir='ltr'><strong>aut</strong></span> <span class='ocrx_word' id='word_1_133' title='bbox 134 1465 274 1520; x_wconf 81' lang='lat' dir='ltr'><strong>adductos⁰</strong></span> <span class='ocrx_word' id='word_1_134' title='bbox 285 1466 374 1537; x_wconf 89' lang='lat' dir='ltr'><strong>inopia</strong></span> <span class='ocrx_word' id='word_1_135' title='bbox 391 1466 579 1587; x_wconf 57' lang='grc' dir='ltr'>Ἥῐονίηοία</span> <span class='ocrx_word' id='word_1_136' title='bbox 597 1464 740 1519; x_wconf 81' lang='lat' dir='ltr'><strong>excludere</strong></span> <span class='ocrx_word' id='word_1_137' title='bbox 752 1476 871 1535; x_wconf 90' lang='lat' dir='ltr'><strong>possent.</strong></span> <span class='ocrx_word' id='word_1_138' title='bbox 907 1468 994 1525; x_wconf 84' lang='lat' dir='ltr'><strong>Quam</strong></span> 
     </span>
     <span class='ocr_line' id='line_1_19' title="bbox 69 1533 992 1606; baseline 0.007 -20"><span class='ocrx_word' id='word_1_139' title='bbox 69 1533 104 1587; x_wconf 88' lang='lat' dir='ltr'><strong>ad</strong></span> <span class='ocrx_word' id='word_1_140' title='bbox 123 1553 202 1606; x_wconf 88' lang='lat' dir='ltr'><strong>spem</strong></span> <span class='ocrx_word' id='word_1_141' title='bbox 218 1535 335 1590; x_wconf 90' lang='lat' dir='ltr'><strong>multum</strong></span> <span class='ocrx_word' id='word_1_142' title='bbox 352 1552 400 1588; x_wconf 88' lang='lat' dir='ltr'><strong>eos</strong></span> <span class='ocrx_word' id='word_1_143' title='bbox 451 1534 566 1605; x_wconf 84' lang='lat' dir='ltr'><strong>juvabat,</strong></span> <span class='ocrx_word' id='word_1_144' title='bbox 585 1534 656 1604; x_wconf 93' lang='lat' dir='ltr'><strong>quod</strong></span> <span class='ocrx_word' id='word_1_145' title='bbox 674 1533 752 1602; x_wconf 87' lang='lat' dir='ltr'><strong>Liger</strong></span> <span class='ocrx_word' id='word_1_146' title='bbox 763 1551 798 1588; x_wconf 81' lang='lat' dir='ltr'><strong>ex</strong></span> <span class='ocrx_word' id='word_1_147' title='bbox 816 1536 923 1590; x_wconf 88' lang='lat' dir='ltr'><strong>nivibus</strong></span> <span class='ocrx_word' id='word_1_148' title='bbox 939 1554 992 1592; x_wconf 90' lang='lat' dir='ltr'><strong>cre-</strong></span> 
     </span>
     <span class='ocr_line' id='line_1_20' title="bbox 70 1604 801 1675; baseline 0.003 -20"><span class='ocrx_word' id='word_1_149' title='bbox 70 1604 440 1675; x_wconf 84' lang='lat' dir='ltr'><strong>verat‚ut0mninovad0non</strong></span> <span class='ocrx_word' id='word_1_150' title='bbox 453 1622 530 1674; x_wconf 86' lang='lat' dir='ltr'><strong>posse</strong></span> <span class='ocrx_word' id='word_1_151' title='bbox 544 1604 648 1657; x_wconf 85' lang='lat' dir='ltr'><strong>transiri</strong></span> <span class='ocrx_word' id='word_1_152' title='bbox 659 1604 801 1657; x_wconf 83' lang='lat' dir='ltr'><strong>videretur.</strong></span> 
     </span>
    </p>

    <p class='ocr_par' dir='ltr' id='par_1_3' title="bbox 69 1672 993 2084">
     <span class='ocr_line' id='line_1_21' title="bbox 105 1672 991 1742; baseline 0.005 -17"><span class='ocrx_word' id='word_1_153' title='bbox 105 1678 147 1726; x_wconf 88' lang='lat'><strong>56.</strong></span> <span class='ocrx_word' id='word_1_154' title='bbox 166 1674 269 1732; x_wconf 80' lang='lat' dir='ltr'><strong>Quibus</strong></span> <span class='ocrx_word' id='word_1_155' title='bbox 282 1674 360 1727; x_wconf 91' lang='lat' dir='ltr'><strong>rebus</strong></span> <span class='ocrx_word' id='word_1_156' title='bbox 372 1674 469 1742; x_wconf 86' lang='lat' dir='ltr'><strong>cogniti</strong></span> <span class='ocrx_word' id='word_1_157' title='bbox 505 1675 602 1726; x_wconf 85' lang='lat' dir='ltr'><strong>Caesar</strong></span> <span class='ocrx_word' id='word_1_158' title='bbox 614 1672 802 1727; x_wconf 82' lang='lat' dir='ltr'><strong>maturandum</strong></span> <span class='ocrx_word' id='word_1_159' title='bbox 813 1673 863 1727; x_wconf 89' lang='lat' dir='ltr'><strong>sibi</strong></span> <span class='ocrx_word' id='word_1_160' title='bbox 881 1675 991 1742; x_wconf 73' lang='lat' dir='ltr'><strong>censuit,</strong></span> 
     </span>
     <span class='ocr_line' id='line_1_22' title="bbox 70 1740 993 1814; baseline 0.007 -21"><span class='ocrx_word' id='word_1_161' title='bbox 70 1740 92 1793; x_wconf 92' lang='lat' dir='ltr'><strong>si</strong></span> <span class='ocrx_word' id='word_1_162' title='bbox 105 1751 176 1795; x_wconf 86' lang='lat' dir='ltr'><strong>essct</strong></span> <span class='ocrx_word' id='word_1_163' title='bbox 188 1743 216 1795; x_wconf 89' lang='lat' dir='ltr'><strong>in</strong></span> <span class='ocrx_word' id='word_1_164' title='bbox 228 1742 397 1813; x_wconf 85' lang='lat' dir='ltr'><strong>perficiendis</strong></span> <span class='ocrx_word' id='word_1_165' title='bbox 408 1744 480 1811; x_wconf 90' lang='lat' dir='ltr'><strong>ponti</strong></span> <span class='ocrx_word' id='word_1_166' title='bbox 499 1760 532 1795; x_wconf 88' lang='lat' dir='ltr'><strong>us</strong></span> <span class='ocrx_word' id='word_1_167' title='bbox 549 1742 762 1812; x_wconf 83' lang='lat' dir='ltr'><strong>periclitandum,</strong></span> <span class='ocrx_word' id='word_1_168' title='bbox 775 1752 804 1795; x_wconf 92' lang='lat' dir='ltr'><strong>ut</strong></span> <span class='ocrx_word' id='word_1_169' title='bbox 821 1743 894 1812; x_wconf 88' lang='lat' dir='ltr'><strong>prius</strong></span> <span class='ocrx_word' id='word_1_170' title='bbox 912 1762 993 1814; x_wconf 84' lang='lat' dir='ltr'><strong>quam</strong></span> 
     </span>
     <span class='ocr_line' id='line_1_23' title="bbox 69 1811 992 1882; baseline 0.007 -20"><span class='ocrx_word' id='word_1_171' title='bbox 69 1823 160 1864; x_wconf 85' lang='lat' dir='ltr'><strong>essent</strong></span> <span class='ocrx_word' id='word_1_172' title='bbox 172 1811 288 1882; x_wconf 84' lang='lat' dir='ltr'><strong>majores</strong></span> <span class='ocrx_word' id='word_1_173' title='bbox 305 1829 337 1864; x_wconf 90' lang='lat' dir='ltr'><strong>eo</strong></span> <span class='ocrx_word' id='word_1_174' title='bbox 355 1822 464 1865; x_wconf 87' lang='lat' dir='ltr'><strong>coactae</strong></span> <span class='ocrx_word' id='word_1_175' title='bbox 477 1812 577 1881; x_wconf 81' lang='lat' dir='ltr'><strong>copiae,</strong></span> <span class='ocrx_word' id='word_1_176' title='bbox 591 1811 740 1864; x_wconf 87' lang='lat' dir='ltr'><strong>dimicaret.</strong></span> <span class='ocrx_word' id='word_1_177' title='bbox 777 1813 857 1882; x_wconf 87' lang='lat' dir='ltr'><strong>Nam,</strong></span> <span class='ocrx_word' id='word_1_178' title='bbox 871 1813 910 1866; x_wconf 74' lang='lat' dir='ltr'><strong>ut&#39;</strong></span> <span class='ocrx_word' id='word_1_179' title='bbox 922 1830 992 1868; x_wconf 88' lang='lat' dir='ltr'><strong>com·</strong></span> 
     </span>
     <span class='ocr_line' id='line_1_24' title="bbox 69 1880 993 1951; baseline 0.005 -20"><span class='ocrx_word' id='word_1_180' title='bbox 69 1889 172 1932; x_wconf 90' lang='lat' dir='ltr'><strong>mutate</strong></span> <span class='ocrx_word' id='word_1_181' title='bbox 190 1881 300 1933; x_wconf 89' lang='lat' dir='ltr'><strong>consilio</strong></span> <span class='ocrx_word' id='word_1_182' title='bbox 318 1881 368 1933; x_wconf 89' lang='lat' dir='ltr'><strong>iter</strong></span> <span class='ocrx_word' id='word_1_183' title='bbox 385 1881 411 1933; x_wconf 91' lang='lat' dir='ltr'><strong>in</strong></span> <span class='ocrx_word' id='word_1_184' title='bbox 430 1880 593 1949; x_wconf 89' lang='lat' dir='ltr'><strong>provinciam</strong></span> <span class='ocrx_word' id='word_1_185' title='bbox 611 1888 784 1948; x_wconf 86' lang='lat' dir='ltr'><strong>converteret,</strong></span> <span class='ocrx_word' id='word_1_186' title='bbox 796 1889 826 1934; x_wconf 85' lang='lat' dir='ltr'><strong>ut</strong></span> <span class='ocrx_word' id='word_1_187' title='bbox 844 1898 896 1951; x_wconf 83' lang='lat' dir='ltr'><strong>non</strong></span> <span class='ocrx_word' id='word_1_188' title='bbox 914 1898 993 1936; x_wconf 85' lang='lat' dir='ltr'><strong>neme</strong></span> 
     </span>
     <span class='ocr_line' id='line_1_25' title="bbox 70 1949 992 2019; baseline 0.009 -21"><span class='ocrx_word' id='word_1_189' title='bbox 70 1954 133 1999; x_wconf 89' lang='lat' dir='ltr'><strong>tunc</strong></span> <span class='ocrx_word' id='word_1_190' title='bbox 156 1949 267 2016; x_wconf 88' lang='lat' dir='ltr'><strong>quidem</strong></span> <span class='ocrx_word' id='word_1_191' title='bbox 290 1949 440 2001; x_wconf 87' lang='lat' dir='ltr'><strong>necessario</strong></span> <span class='ocrx_word' id='word_1_192' title='bbox 464 1949 620 2001; x_wconf 85' lang='lat' dir='ltr'><strong>faciundum</strong></span> <span class='ocrx_word' id='word_1_193' title='bbox 642 1949 820 2019; x_wconf 84' lang='lat' dir='ltr'><strong>existimabat,</strong></span> <span class='ocrx_word' id='word_1_194' title='bbox 845 1967 932 2019; x_wconf 88' lang='lat' dir='ltr'><strong>quum</strong></span> <span class='ocrx_word' id='word_1_195' title='bbox 953 1953 992 2006; x_wconf 87' lang='lat' dir='ltr'><strong>in·</strong></span> 
     </span>
     <span class='ocr_line' id='line_1_26' title="bbox 70 2014 991 2084; baseline 0.01 -18"><span class='ocrx_word' id='word_1_196' title='bbox 70 2014 152 2068; x_wconf 84' lang='lat' dir='ltr'><strong>samia</strong></span> <span class='ocrx_word' id='word_1_197' title='bbox 169 2024 249 2084; x_wconf 84' lang='lat' dir='ltr'><strong>atque</strong></span> <span class='ocrx_word' id='word_1_198' title='bbox 268 2016 412 2083; x_wconf 87' lang='lat' dir='ltr'><strong>indignitas</strong></span> <span class='ocrx_word' id='word_1_199' title='bbox 430 2017 468 2068; x_wconf 88' lang='lat' dir='ltr'><strong>rei</strong></span> <span class='ocrx_word' id='word_1_200' title='bbox 488 2025 515 2069; x_wconf 91' lang='lat' dir='ltr'><strong>et</strong></span> <span class='ocrx_word' id='word_1_201' title='bbox 532 2017 668 2084; x_wconf 87' lang='lat' dir='ltr'><strong>oppositus</strong></span> <span class='ocrx_word' id='word_1_202' title='bbox 685 2034 763 2071; x_wconf 90' lang='lat' dir='ltr'><strong>mons</strong></span> <span class='ocrx_word' id='word_1_203' title='bbox 779 2019 907 2072; x_wconf 81' lang='lat' dir='ltr'><strong>Cevenna</strong></span> <span class='ocrx_word' id='word_1_204' title='bbox 925 2021 991 2075; x_wconf 86' lang='lat' dir='ltr'><strong>viar·</strong></span> 
     </span>
    </p>
   </div>
   <div class='ocr_carea' id='block_1_3' title="bbox 68 2136 992 2323">
    <p class='ocr_par' dir='ltr' id='par_1_4' title="bbox 68 2136 992 2323">
     <span class='ocr_line' id='line_1_27' title="bbox 98 2136 991 2207; baseline 0.009 -22"><span class='ocrx_word' id='word_1_205' title='bbox 98 2140 107 2167; x_wconf 87' lang='lat'>¹</span> <span class='ocrx_word' id='word_1_206' title='bbox 119 2137 270 2206; x_wconf 73' lang='lat' dir='ltr'><strong>Cognoscere,</strong></span> <span class='ocrx_word' id='word_1_207' title='bbox 286 2136 423 2204; x_wconf 22' lang='lat' dir='ltr'><strong>‘tobeolleet</strong></span> <span class='ocrx_word' id='word_1_208' title='bbox 435 2136 587 2205; x_wconf 83' lang='lat' dir='ltr'><strong>information</strong></span> <span class='ocrx_word' id='word_1_209' title='bbox 598 2139 672 2207; x_wconf 86' lang='lat' dir='ltr'><strong>abqut</strong></span> <span class='ocrx_word' id='word_1_210' title='bbox 684 2157 698 2188; x_wconf 89' lang='lat' dir='ltr'><strong>a</strong></span> <span class='ocrx_word' id='word_1_211' title='bbox 709 2141 761 2188; x_wconf 91' lang='lat' dir='ltr'><strong>thin</strong></span> <span class='ocrx_word' id='word_1_212' title='bbox 786 2142 802 2198; x_wconf 87' lang='lat'><strong>;&#39;</strong></span> <span class='ocrx_word' id='word_1_213' title='bbox 820 2142 863 2190; x_wconf 88' lang='lat' dir='ltr'><strong>but</strong></span> <span class='ocrx_word' id='word_1_214' title='bbox 876 2159 903 2192; x_wconf 89' lang='lat' dir='ltr'><strong>as</strong></span> <span class='ocrx_word' id='word_1_215' title='bbox 914 2154 939 2193; x_wconf 91' lang='lat' dir='ltr'><strong>at</strong></span> <span class='ocrx_word' id='word_1_216' title='bbox 950 2144 991 2193; x_wconf 86' lang='lat' dir='ltr'><strong>tha</strong></span> 
     </span>
     <span class='ocr_line' id='line_1_28' title="bbox 68 2194 992 2264; baseline 0.009 -20"><span class='ocrx_word' id='word_1_217' title='bbox 68 2211 136 2244; x_wconf 90' lang='lat' dir='ltr'><strong>same</strong></span> <span class='ocrx_word' id='word_1_218' title='bbox 147 2207 206 2243; x_wconf 84' lang='lat' dir='ltr'><strong>time</strong></span> <span class='ocrx_word' id='word_1_219' title='bbox 221 2205 240 2242; x_wconf 88' lang='lat' dir='ltr'><strong>rt</strong></span> <span class='ocrx_word' id='word_1_220' title='bbox 255 2204 364 2243; x_wconf 84' lang='lat' dir='ltr'><strong>contains</strong></span> <span class='ocrx_word' id='word_1_221' title='bbox 381 2194 422 2243; x_wconf 88' lang='lat' dir='ltr'><strong>the</strong></span> <span class='ocrx_word' id='word_1_222' title='bbox 440 2195 494 2244; x_wconf 84' lang='lat' dir='ltr'><strong>idea</strong></span> <span class='ocrx_word' id='word_1_223' title='bbox 510 2195 538 2244; x_wconf 89' lang='lat' dir='ltr'><strong>of</strong></span> <span class='ocrx_word' id='word_1_224' title='bbox 553 2195 684 2259; x_wconf 80' lang='lat' dir='ltr'><strong>‘learning&#39;</strong></span> <span class='ocrx_word' id='word_1_225' title='bbox 698 2205 744 2247; x_wconf 83' lang='lat' dir='ltr'><strong>or‘</strong></span> <span class='ocrx_word' id='word_1_226' title='bbox 768 2202 924 2264; x_wconf 85' lang='lat' dir='ltr'><strong>iscovering‚&#39;</strong></span> <span class='ocrx_word' id='word_1_227' title='bbox 937 2203 955 2252; x_wconf 93' lang='lat' dir='ltr'><strong>it</strong></span> <span class='ocrx_word' id='word_1_228' title='bbox 971 2203 992 2252; x_wconf 85' lang='lat' dir='ltr'><strong>ia</strong></span> 
     </span>
     <span class='ocr_line' id='line_1_29' title="bbox 68 2253 992 2323; baseline 0.01 -21"><span class='ocrx_word' id='word_1_229' title='bbox 68 2254 182 2304; x_wconf 81' lang='lat' dir='ltr'><strong>followed</strong></span> <span class='ocrx_word' id='word_1_230' title='bbox 192 2257 225 2314; x_wconf 94' lang='lat' dir='ltr'><strong>by</strong></span> <span class='ocrx_word' id='word_1_231' title='bbox 236 2253 277 2302; x_wconf 89' lang='lat' dir='ltr'><strong>the</strong></span> <span class='ocrx_word' id='word_1_232' title='bbox 289 2254 425 2303; x_wconf 74' lang='lat' dir='ltr'><strong>accusative</strong></span> <span class='ocrx_word' id='word_1_233' title='bbox 437 2255 497 2303; x_wconf 84' lang='lat' dir='ltr'><strong>with</strong></span> <span class='ocrx_word' id='word_1_234' title='bbox 508 2255 550 2303; x_wconf 90' lang='lat' dir='ltr'><strong>the</strong></span> <span class='ocrx_word' id='word_1_235' title='bbox 561 2255 687 2305; x_wconf 86' lang='lat' dir='ltr'><strong>infinitive.</strong></span> <span class='ocrx_word' id='word_1_236' title='bbox 715 2258 807 2306; x_wconf 83' lang='lat' dir='ltr'><strong>Senae:</strong></span> <span class='ocrx_word' id='word_1_237' title='bbox 823 2259 923 2310; x_wconf 87' lang='lat' dir='ltr'><strong>‘When</strong></span> <span class='ocrx_word' id='word_1_238' title='bbox 934 2263 992 2323; x_wconf 83' lang='lat' dir='ltr'><strong>they</strong></span> 
     </span>
    </p>
   </div>
   <div class='ocr_carea' id='block_1_4' title="bbox 68 2313 992 2423">
    <p class='ocr_par' dir='ltr' id='par_1_5' title="bbox 68 2313 992 2423">
     <span class='ocr_line' id='line_1_30' title="bbox 68 2313 992 2423; baseline 0.009 -60"><span class='ocrx_word' id='word_1_239' title='bbox 68 2313 242 2423; x_wconf 51' lang='lat' dir='ltr'><strong>{ilpqltgagrgred</strong></span> <span class='ocrx_word' id='word_1_240' title='bbox 252 2313 407 2362; x_wconf 83' lang='lat' dir='ltr'><strong>information</strong></span> <span class='ocrx_word' id='word_1_241' title='bbox 417 2316 491 2363; x_wconf 89' lang='lat' dir='ltr'><strong>about</strong></span> <span class='ocrx_word' id='word_1_242' title='bbox 502 2315 544 2363; x_wconf 91' lang='lat' dir='ltr'><strong>the</strong></span> <span class='ocrx_word' id='word_1_243' title='bbox 555 2315 678 2365; x_wconf 85' lang='lat' dir='ltr'><strong>condition</strong></span> <span class='ocrx_word' id='word_1_244' title='bbox 685 2316 714 2365; x_wconf 85' lang='lat' dir='ltr'><strong>ol</strong></span> <span class='ocrx_word' id='word_1_245' title='bbox 720 2318 762 2366; x_wconf 76' lang='lat' dir='ltr'><strong>the&#39;</strong></span> <span class='ocrx_word' id='word_1_246' title='bbox 772 2328 846 2376; x_wconf 86' lang='lat' dir='ltr'><strong>state,</strong></span> <span class='ocrx_word' id='word_1_247' title='bbox 857 2321 904 2369; x_wconf 92' lang='lat' dir='ltr'><strong>and</strong></span> <span class='ocrx_word' id='word_1_248' title='bbox 915 2322 992 2371; x_wconf 84' lang='lat' dir='ltr'><strong>learnt</strong></span> 
     </span>
    </p>
   </div>
   <div class='ocr_carea' id='block_1_5' title="bbox 67 2445 1005 2624">
    <p class='ocr_par' dir='ltr' id='par_1_6' title="bbox 67 2445 1005 2624">
     <span class='ocr_line' id='line_1_31' title="bbox 96 2445 991 2504; baseline 0.01 -9"><span class='ocrx_word' id='word_1_249' title='bbox 96 2447 231 2503; x_wconf 80' lang='lat' dir='ltr'><strong>²Br&#39;broete,</strong></span> <span class='ocrx_word' id='word_1_250' title='bbox 244 2446 286 2495; x_wconf 87' lang='lat' dir='ltr'><strong>the</strong></span> <span class='ocrx_word' id='word_1_251' title='bbox 298 2445 398 2494; x_wconf 90' lang='lat' dir='ltr'><strong>modern</strong></span> <span class='ocrx_word' id='word_1_252' title='bbox 406 2446 502 2503; x_wconf 86' lang='lat' dir='ltr'><strong>Autun,</strong></span> <span class='ocrx_word' id='word_1_253' title='bbox 513 2445 528 2493; x_wconf 91' lang='lat' dir='ltr'><strong>i.</strong></span> <span class='ocrx_word' id='word_1_254' title='bbox 536 2448 573 2502; x_wconf 79' lang='lat'><strong>23,</strong></span> <span class='ocrx_word' id='word_1_255' title='bbox 584 2455 641 2494; x_wconf 87' lang='lat' dir='ltr'><strong>nota</strong></span> <span class='ocrx_word' id='word_1_256' title='bbox 651 2451 673 2494; x_wconf 84' lang='lat'><strong>2.</strong></span> <span class='ocrx_word' id='word_1_257' title='bbox 699 2447 770 2497; x_wconf 87' lang='lat' dir='ltr'><strong>Latin</strong></span> <span class='ocrx_word' id='word_1_258' title='bbox 780 2465 866 2500; x_wconf 81' lang='lat' dir='ltr'><strong>names</strong></span> <span class='ocrx_word' id='word_1_259' title='bbox 877 2453 905 2501; x_wconf 88' lang='lat' dir='ltr'><strong>of</strong></span> <span class='ocrx_word' id='word_1_260' title='bbox 911 2463 991 2504; x_wconf 79' lang='lat' dir='ltr'><strong>towns</strong></span> 
     </span>
     <span class='ocr_line' id='line_1_32' title="bbox 68 2504 991 2575; baseline 0.008 -22"><span class='ocrx_word' id='word_1_261' title='bbox 68 2505 95 2553; x_wconf 85' lang='lat' dir='ltr'><strong>ol</strong></span> <span class='ocrx_word' id='word_1_262' title='bbox 103 2506 144 2554; x_wconf 93' lang='lat' dir='ltr'><strong>the</strong></span> <span class='ocrx_word' id='word_1_263' title='bbox 155 2505 208 2554; x_wconf 89' lang='lat' dir='ltr'><strong>first</strong></span> <span class='ocrx_word' id='word_1_264' title='bbox 219 2505 359 2554; x_wconf 87' lang='lat' dir='ltr'><strong>deciension</strong></span> <span class='ocrx_word' id='word_1_265' title='bbox 370 2505 459 2566; x_wconf 86' lang='lat' dir='ltr'><strong>ending</strong></span> <span class='ocrx_word' id='word_1_266' title='bbox 466 2506 491 2552; x_wconf 92' lang='lat' dir='ltr'><strong>in</strong></span> <span class='ocrx_word' id='word_1_267' title='bbox 500 2523 520 2562; x_wconf 85' lang='lat' dir='ltr'><strong>e,</strong></span> <span class='ocrx_word' id='word_1_268' title='bbox 529 2521 556 2553; x_wconf 86' lang='lat' dir='ltr'><strong>es</strong></span> <span class='ocrx_word' id='word_1_269' title='bbox 565 2504 645 2573; x_wconf 75' lang='lat' dir='ltr'><strong>Caere,</strong></span> <span class='ocrx_word' id='word_1_270' title='bbox 654 2505 738 2564; x_wconf 82' lang='lat' dir='ltr'><strong>Recte,</strong></span> <span class='ocrx_word' id='word_1_271' title='bbox 746 2508 886 2569; x_wconf 74' lang='lat' dir='ltr'><strong>Praesente,</strong></span> <span class='ocrx_word' id='word_1_272' title='bbox 898 2528 938 2562; x_wconf 87' lang='lat' dir='ltr'><strong>ere</strong></span> <span class='ocrx_word' id='word_1_273' title='bbox 948 2523 991 2575; x_wconf 86' lang='lat' dir='ltr'><strong>put</strong></span> 
     </span>
     <span class='ocr_line' id='line_1_33' title="bbox 67 2564 1005 2624; baseline 0.004 -12"><span class='ocrx_word' id='word_1_274' title='bbox 67 2564 93 2612; x_wconf 92' lang='lat' dir='ltr'><strong>in</strong></span> <span class='ocrx_word' id='word_1_275' title='bbox 103 2565 145 2613; x_wconf 90' lang='lat' dir='ltr'><strong>the</strong></span> <span class='ocrx_word' id='word_1_276' title='bbox 156 2565 270 2622; x_wconf 85' lang='lat' dir='ltr'><strong>ablative,</strong></span> <span class='ocrx_word' id='word_1_277' title='bbox 284 2565 309 2612; x_wconf 93' lang='lat' dir='ltr'><strong>in</strong></span> <span class='ocrx_word' id='word_1_278' title='bbox 319 2579 415 2613; x_wconf 85' lang='lat' dir='ltr'><strong>answer</strong></span> <span class='ocrx_word' id='word_1_279' title='bbox 425 2574 451 2612; x_wconf 92' lang='lat' dir='ltr'><strong>to</strong></span> <span class='ocrx_word' id='word_1_280' title='bbox 462 2564 503 2612; x_wconf 88' lang='lat' dir='ltr'><strong>the</strong></span> <span class='ocrx_word' id='word_1_281' title='bbox 515 2574 629 2624; x_wconf 82' lang='lat' dir='ltr'><strong>question</strong></span> <span class='ocrx_word' id='word_1_282' title='bbox 638 2565 721 2614; x_wconf 80' lang='lat' dir='ltr'><strong>where</strong></span> <span class='ocrx_word' id='word_1_283' title='bbox 730 2571 739 2616; x_wconf 84' lang='lat' dir='ltr'><strong>l</strong></span> <span class='ocrx_word' id='word_1_284' title='bbox 1004 2582 1005 2586; x_wconf 51' lang='lat'>¹</span> 
     </span>
    </p>
   </div>
   <div class='ocr_carea' id='block_1_6' title="bbox 70 2637 993 2948">
    <p class='ocr_par' dir='ltr' id='par_1_7' title="bbox 70 2637 993 2948">
     <span class='ocr_line' id='line_1_34' title="bbox 98 2637 452 2700; baseline 0 -15"><span class='ocrx_word' id='word_1_285' title='bbox 98 2640 107 2668; x_wconf 82' lang='lat'>⁸</span> <span class='ocrx_word' id='word_1_286' title='bbox 116 2638 205 2687; x_wconf 83' lang='lat' dir='ltr'><strong>Before</strong></span> <span class='ocrx_word' id='word_1_287' title='bbox 216 2640 303 2700; x_wconf 78' lang='lat' dir='ltr'><strong>quique</strong></span> <span class='ocrx_word' id='word_1_288' title='bbox 313 2637 401 2697; x_wconf 89' lang='lat' dir='ltr'><strong>supply</strong></span> <span class='ocrx_word' id='word_1_289' title='bbox 412 2639 452 2685; x_wconf 77' lang='lat' dir='ltr'><strong>iia.</strong></span> 
     </span>
     <span class='ocr_line' id='line_1_35' title="bbox 78 2709 993 2791; baseline 0.011 -34"><span class='ocrx_word' id='word_1_290' title='bbox 78 2710 214 2791; x_wconf 36' lang='lat' dir='ltr'><strong>&#39;‘Itineqia</strong></span> <span class='ocrx_word' id='word_1_291' title='bbox 233 2727 314 2767; x_wconf 80' lang='lat' dir='ltr'><strong>caure,</strong></span> <span class='ocrx_word' id='word_1_292' title='bbox 338 2710 393 2758; x_wconf 83' lang='lat' dir='ltr'><strong>‘led</strong></span> <span class='ocrx_word' id='word_1_293' title='bbox 413 2711 446 2770; x_wconf 90' lang='lat' dir='ltr'><strong>by</strong></span> <span class='ocrx_word' id='word_1_294' title='bbox 464 2725 479 2757; x_wconf 87' lang='lat' dir='ltr'><strong>a</strong></span> <span class='ocrx_word' id='word_1_295' title='bbox 495 2709 618 2771; x_wconf 86' lang='lat' dir='ltr'><strong>joumey‚&#39;</strong></span> <span class='ocrx_word' id='word_1_296' title='bbox 638 2725 666 2758; x_wconf 90' lang='lat' dir='ltr'><strong>or</strong></span> <span class='ocrx_word' id='word_1_297' title='bbox 686 2711 726 2759; x_wconf 81' lang='lat' dir='ltr'><strong>‘in</strong></span> <span class='ocrx_word' id='word_1_298' title='bbox 745 2728 914 2774; x_wconf 88' lang='lat' dir='ltr'><strong>consequence</strong></span> <span class='ocrx_word' id='word_1_299' title='bbox 933 2717 993 2767; x_wconf 86' lang='lat' dir='ltr'><strong>ola</strong></span> 
     </span>
     <span class='ocr_line' id='line_1_36' title="bbox 70 2784 992 2948; baseline 0.015 -62"><span class='ocrx_word' id='word_1_300' title='bbox 70 2784 189 2948; x_wconf 54' lang='grc' dir='ltr'><strong>Ξὲιῖἶᾶ</strong></span> <span class='ocrx_word' id='word_1_301' title='bbox 205 2841 249 2888; x_wconf 87' lang='lat' dir='ltr'><strong>haa</strong></span> <span class='ocrx_word' id='word_1_302' title='bbox 266 2841 308 2888; x_wconf 88' lang='lat' dir='ltr'><strong>the</strong></span> <span class='ocrx_word' id='word_1_303' title='bbox 324 2841 438 2901; x_wconf 80' lang='lat' dir='ltr'><strong>meaning</strong></span> <span class='ocrx_word' id='word_1_304' title='bbox 454 2841 482 2889; x_wconf 86' lang='lat' dir='ltr'><strong>of</strong></span> <span class='ocrx_word' id='word_1_305' title='bbox 494 2850 587 2890; x_wconf 83' lang='lat' dir='ltr'><strong>tantam</strong></span> <span class='ocrx_word' id='word_1_306' title='bbox 603 2852 726 2904; x_wconf 82' lang='lat' dir='ltr'><strong>quantem,</strong></span> <span class='ocrx_word' id='word_1_307' title='bbox 741 2849 782 2893; x_wconf 90' lang='lat' dir='ltr'><strong>‘as</strong></span> <span class='ocrx_word' id='word_1_308' title='bbox 799 2847 873 2897; x_wconf 89' lang='lat' dir='ltr'><strong>much</strong></span> <span class='ocrx_word' id='word_1_309' title='bbox 889 2865 917 2899; x_wconf 85' lang='lat' dir='ltr'><strong>aa</strong></span> <span class='ocrx_word' id='word_1_310' title='bbox 934 2850 992 2911; x_wconf 83' lang='lat' dir='ltr'><strong>they</strong></span> 
     </span>
    </p>
   </div>
   <div class='ocr_carea' id='block_1_7' title="bbox 70 2971 992 3150">
    <p class='ocr_par' dir='ltr' id='par_1_8' title="bbox 70 2971 992 3150">
     <span class='ocr_line' id='line_1_37' title="bbox 98 2971 991 3042; baseline 0.016 -25"><span class='ocrx_word' id='word_1_311' title='bbox 98 2971 238 3038; x_wconf 63' lang='lat' dir='ltr'><strong>‘Addense</strong></span> <span class='ocrx_word' id='word_1_312' title='bbox 247 2972 366 3018; x_wconf 72' lang='lat' dir='ltr'><strong>excludere</strong></span> <span class='ocrx_word' id='word_1_313' title='bbox 372 2979 483 3033; x_wconf 58' lang='lat' dir='ltr'><strong>perseum</strong></span> <span class='ocrx_word' id='word_1_314' title='bbox 498 2971 549 3020; x_wconf 90' lang='lat' dir='ltr'><strong>that</strong></span> <span class='ocrx_word' id='word_1_315' title='bbox 559 2973 588 3031; x_wconf 83' lang='lat' dir='ltr'><strong>ia,</strong></span> <span class='ocrx_word' id='word_1_316' title='bbox 600 2974 725 3042; x_wconf 58' lang='lat' dir='ltr'><strong>“whether</strong></span> <span class='ocrx_word' id='word_1_317' title='bbox 732 2976 791 3037; x_wconf 86' lang='lat' dir='ltr'><strong>they</strong></span> <span class='ocrx_word' id='word_1_318' title='bbox 797 2979 877 3037; x_wconf 88' lang='lat' dir='ltr'><strong>could,</strong></span> <span class='ocrx_word' id='word_1_319' title='bbox 886 2983 920 3042; x_wconf 91' lang='lat' dir='ltr'><strong>by</strong></span> <span class='ocrx_word' id='word_1_320' title='bbox 926 2990 991 3031; x_wconf 87' lang='lat' dir='ltr'><strong>want</strong></span> 
     </span>
     <span class='ocr_line' id='line_1_38' title="bbox 70 3029 992 3150; baseline 0.015 -73"><span class='ocrx_word' id='word_1_321' title='bbox 70 3031 98 3139; x_wconf 50' lang='grc' dir='ltr'><strong>ἓξ</strong></span> <span class='ocrx_word' id='word_1_322' title='bbox 105 3038 363 3150; x_wconf 46' lang='grc' dir='ltr'><strong>ξῆἓνὲῗΐνῖἱέἓφνθηῑ</strong></span> <span class='ocrx_word' id='word_1_323' title='bbox 374 3029 442 3078; x_wconf 88' lang='lat' dir='ltr'><strong>them</strong></span> <span class='ocrx_word' id='word_1_324' title='bbox 453 3029 514 3079; x_wconf 90' lang='lat' dir='ltr'><strong>srom</strong></span> <span class='ocrx_word' id='word_1_325' title='bbox 525 3034 669 3095; x_wconf 78' lang='lat' dir='ltr'><strong>returnmg,&#39;</strong></span> <span class='ocrx_word' id='word_1_326' title='bbox 682 3051 709 3083; x_wconf 90' lang='lat' dir='ltr'><strong>or</strong></span> <span class='ocrx_word' id='word_1_327' title='bbox 722 3040 776 3084; x_wconf 85' lang='lat' dir='ltr'><strong>‘eut</strong></span> <span class='ocrx_word' id='word_1_328' title='bbox 787 3037 826 3085; x_wconf 84' lang='lat' dir='ltr'><strong>off</strong></span> <span class='ocrx_word' id='word_1_329' title='bbox 837 3039 900 3089; x_wconf 89' lang='lat' dir='ltr'><strong>their</strong></span> <span class='ocrx_word' id='word_1_330' title='bbox 910 3051 992 3090; x_wconf 87' lang='lat' dir='ltr'><strong>retum</strong></span> 
     </span>
    </p>
   </div>
   <div class='ocr_carea' id='block_1_8' title="bbox 71 3161 990 3341">
    <p class='ocr_par' dir='ltr' id='par_1_9' title="bbox 71 3161 990 3341">
     <span class='ocr_line' id='line_1_39' title="bbox 99 3161 990 3225; baseline 0.015 -16"><span class='ocrx_word' id='word_1_331' title='bbox 99 3161 154 3210; x_wconf 76' lang='lat' dir='ltr'><strong>&#39;Ut</strong></span> <span class='ocrx_word' id='word_1_332' title='bbox 175 3162 233 3211; x_wconf 88' lang='lat' dir='ltr'><strong>here</strong></span> <span class='ocrx_word' id='word_1_333' title='bbox 245 3161 266 3210; x_wconf 92' lang='lat' dir='ltr'><strong>is</strong></span> <span class='ocrx_word' id='word_1_334' title='bbox 280 3161 405 3222; x_wconf 88' lang='lat' dir='ltr'><strong>‘granting</strong></span> <span class='ocrx_word' id='word_1_335' title='bbox 416 3161 487 3218; x_wconf 84' lang='lat' dir='ltr'><strong>that,’</strong></span> <span class='ocrx_word' id='word_1_336' title='bbox 502 3163 651 3224; x_wconf 86' lang='lat' dir='ltr'><strong>‘supposing</strong></span> <span class='ocrx_word' id='word_1_337' title='bbox 664 3163 735 3225; x_wconf 85' lang='lat' dir='ltr'><strong>that‚’</strong></span> <span class='ocrx_word' id='word_1_338' title='bbox 748 3168 821 3218; x_wconf 84' lang='lat' dir='ltr'><strong>while</strong></span> <span class='ocrx_word' id='word_1_339' title='bbox 838 3171 862 3219; x_wconf 91' lang='lat' dir='ltr'><strong>in</strong></span> <span class='ocrx_word' id='word_1_340' title='bbox 877 3171 919 3221; x_wconf 88' lang='lat' dir='ltr'><strong>the</strong></span> <span class='ocrx_word' id='word_1_341' title='bbox 934 3180 990 3221; x_wconf 79' lang='lat' dir='ltr'><strong>next</strong></span> 
     </span>
     <span class='ocr_line' id='line_1_40' title="bbox 72 3219 990 3285; baseline 0.013 -18"><span class='ocrx_word' id='word_1_342' title='bbox 72 3219 154 3268; x_wconf 88' lang='lat' dir='ltr'><strong>clause</strong></span> <span class='ocrx_word' id='word_1_343' title='bbox 165 3221 207 3269; x_wconf 87' lang='lat' dir='ltr'><strong>the</strong></span> <span class='ocrx_word' id='word_1_344' title='bbox 218 3230 245 3269; x_wconf 82' lang='lat' dir='ltr'><strong>ut</strong></span> <span class='ocrx_word' id='word_1_345' title='bbox 261 3219 369 3281; x_wconf 85' lang='lat' dir='ltr'><strong>signifies</strong></span> <span class='ocrx_word' id='word_1_346' title='bbox 383 3221 448 3270; x_wconf 75' lang='lat' dir='ltr'><strong>‘aar’</strong></span> <span class='ocrx_word' id='word_1_347' title='bbox 470 3221 520 3269; x_wconf 82' lang='lat' dir='ltr'><strong>‘for</strong></span> <span class='ocrx_word' id='word_1_348' title='bbox 534 3224 666 3285; x_wconf 88' lang='lat' dir='ltr'><strong>supposing</strong></span> <span class='ocrx_word' id='word_1_349' title='bbox 682 3224 713 3272; x_wconf 87' lang='lat' dir='ltr'><strong>he</strong></span> <span class='ocrx_word' id='word_1_350' title='bbox 729 3226 837 3279; x_wconf 84' lang='lat' dir='ltr'><strong>directed</strong></span> <span class='ocrx_word' id='word_1_351' title='bbox 851 3226 890 3280; x_wconf 68' lang='lat' dir='ltr'><strong>hta</strong></span> <span class='ocrx_word' id='word_1_352' title='bbox 906 3245 990 3281; x_wconf 87' lang='lat' dir='ltr'><strong>course</strong></span> 
     </span>
     <span class='ocr_line' id='line_1_41' title="bbox 71 3279 747 3341; baseline 0.012 -14"><span class='ocrx_word' id='word_1_353' title='bbox 71 3279 178 3328; x_wconf 77' lang='lat' dir='ltr'><strong>towards</strong></span> <span class='ocrx_word' id='word_1_354' title='bbox 189 3279 231 3328; x_wconf 90' lang='lat' dir='ltr'><strong>the</strong></span> <span class='ocrx_word' id='word_1_355' title='bbox 241 3280 363 3339; x_wconf 87' lang='lat' dir='ltr'><strong>province,</strong></span> <span class='ocrx_word' id='word_1_356' title='bbox 377 3295 404 3328; x_wconf 88' lang='lat' dir='ltr'><strong>aa</strong></span> <span class='ocrx_word' id='word_1_357' title='bbox 415 3295 483 3329; x_wconf 90' lang='lat' dir='ltr'><strong>some</strong></span> <span class='ocrx_word' id='word_1_358' title='bbox 494 3295 595 3341; x_wconf 87' lang='lat' dir='ltr'><strong>persone</strong></span> <span class='ocrx_word' id='word_1_359' title='bbox 607 3281 685 3341; x_wconf 83' lang='lat' dir='ltr'><strong>then,’</strong></span> <span class='ocrx_word' id='word_1_360' title='bbox 698 3286 747 3335; x_wconf 78' lang='lat' dir='ltr'><strong>doe.</strong></span> 
     </span>
    </p>
   </div>
   <div class='ocr_carea' id='block_1_9' title="bbox 0 0 1078 3704">
    <p class='ocr_par' dir='ltr' id='par_1_10' title="bbox 0 0 1078 3704">
     <span class='ocr_line' id='line_1_42' title="bbox 0 0 1078 3704; baseline 0 2"><span class='ocrx_word' id='word_1_361' title='bbox 0 0 1078 3704; x_wconf 95' lang='lat' dir='ltr'><strong> </strong></span> 
     </span>
    </p>
   </div>
  </div>
 </body>
</html>
