2146 3704
374 136 387 166 ,Α
470 113 562 154 ursan
581 114 622 157 tv.
654 140 655 144 ,
685 139 689 147 .
957 103 1004 164 97

71 221 195 293 equites,-
203 223 250 294 qui
262 241 361 294 agmen
372 223 588 293 antecessissent,
601 223 784 294 praemitteret
799 241 900 298 eosque
911 245 1002 300 pugna

69 290 237 363 prohiberet,
263 293 367 363 sibique
391 301 420 347 ut
444 301 605 363 potestatem
625 293 726 346 faceret
750 294 775 348 in
796 295 880 350 Ubios
899 297 1002 367 legatos

70 361 217 431 mittendi,
234 381 356 433 ‘quorum
380 364 403 416 si
422 362 559 432 principes
577 380 610 414 ac
631 371 741 416 senatus
761 363 811 418 sibi
828 363 1000 435 jurejurando

68 430 159 497 sidem
183 431 312 504 fecisset,¹
330 451 363 486 ea
383 432 541 501 conditione,
563 449 633 501 quae
656 450 673 485 a
692 433 806 486 Caesare
830 434 949 504 ferretur,
970 451 1000 493 au

72 517 172 556 usuros
199 502 391 557 ostendebant:
422 503 457 554 ad
487 501 536 553 has
565 518 608 554 res
637 501 817 556 conficiendas
840 502 891 557 sibi
920 505 1001 562 tridui

71 570 192 640 spatium
217 570 303 638 daret.
347 573 422 625 Haec
445 571 535 627 oriinia
558 571 656 624 Caesar
678 570 776 626 eodem
800 572 844 626 illo
868 574 1001 644 pertinere

70 639 260 712 arbitrabatur,
281 651 310 696 ut
335 641 413 695 tridui
434 657 509 694 mora
527 639 682 711 interposita
702 641 808 712 equites
831 658 932 722 eortina,
955 644 1001 714 qui

74 708 216 780 abessent,
236 720 445 765 reverterentur:
477 719 568 765 tamen
591 727 652 764 sese
678 727 731 764 non
759 711 863 781 longius
892 712 1002 767 milibus

134 837 136 840 ,
156 796 204 832 utu
220 791 334 850 quatuor
351 779 500 850 aquationis
517 797 600 833 cama
617 797 802 850 processurum
815 798 847 834 eo
858 781 903 835 die
917 781 1000 836 dixit:

73 795 246 918 llibllposieio
258 849 302 903 die
313 868 394 920 quarn
408 850 618 918 frequentissimi
628 851 808 920 convenirent,
818 859 848 904 ut
860 851 895 905 de
906 868 1001 906 eorum

74 917 216 996 postulatis
227 928 407 988 cognosceret.
444 919 554 973 Interim
566 919 600 973 ad
612 919 770 990 praefectos,
782 918 829 990 qui
846 938 910 975 cum
927 921 1001 976 omni

75 995 198 1057 equitatu
209 998 417 1057 antecesserant,
431 987 512 1042 mittit
526 989 573 1059 qui
591 990 750 1060 nuntiarent,
764 1007 799 1043 ne
816 990 908 1043 hostes
944 1007 1000 1044 roe·

75 1055 110 1109 lio
122 1055 293 1138 lacesserent,
307 1068 334 1112 et
345 1060 369 1138 si
381 1059 432 1128 ipsi
445 1059 645 1139 lacesserentur,
659 1058 827 1129 sustinerent,
841 1008 1000 1131 quoadpipse

72 1142 138 1180 eum
151 1136 271 1181 exercitu
283 1145 391 1199 proprus
402 1137 570 1182 accessisset.

113 1200 153 1249 12.
172 1198 209 1250 At
228 1196 327 1268 hostes,
347 1197 392 1252 ubi
413 1199 529 1267 primurn
549 1205 651 1250 nostros
670 1197 777 1267 equites
795 1209 998 1269 conspexentnt,

76 1281 188 1333 quorum
212 1275 269 1320 erat
291 1283 317 1319 v.
341 1267 447 1320 milium
477 1283 612 1334 numerus,
637 1283 700 1319 cuin
729 1266 780 1334 ipsi
809 1282 862 1318 non
884 1267 1001 1336 amptius

76 1334 243 1402 octingentos
260 1337 364 1404 equites
382 1334 519 1405 haberent,
533 1334 603 1404 quod
622 1335 648 1402 ii,
661 1334 707 1402 qui
724 1333 906 1387 frumentandi
918 1351 1000 1388 causa

76 1401 160 1458 ieram
177 1412 250 1459 trans
261 1405 377 1475 Mosam,
391 1404 509 1457 nondum
529 1403 668 1472 redierant,
682 1401 749 1455 nihil
766 1402 923 1455 timentibus
940 1419 999 1457 nos·

77 1471 129 1542 tris,
150 1473 222 1542 quod
245 1473 326 1543 legati
350 1491 442 1528 eorum
463 1473 541 1543 paulo
564 1481 626 1525 ante
650 1488 666 1522 a
686 1472 800 1523 Caesare
820 1469 999 1526 discesserant

75 1550 156 1611 atque
174 1543 198 1595 is
214 1543 275 1597 dies
293 1543 409 1597 induciis
420 1550 483 1595 ‘erat
500 1541 535 1596 ab
553 1541 597 1595 his
615 1539 722 1611 petitus,
730 1539 833 1608 impetu
845 1538 916 1592 facto
927 1541 999 1596 cele·

76 1610 138 1665 riter
156 1620 260 1666 nostros
298 1613 509 1666 erturbaverunt.
552 1610 663 1664 Rursus²
683 1608 868 1662 resistentibus
887 1624 998 1662 consue·

76 1679 166 1735 tudine
185 1698 235 1734 sua
309 1683 394 1752 pedes
414 1681 589 1748 desiluerunt,
608 1677 739 1732 subfossis
759 1677 836 1755 equis
855 1677 998 1747 compluri-

69 1747 179 1819 busque
197 1751 293 1816 nostris
310 1751 425 1821 dejectis
442 1749 558 1821 reliquos
576 1749 603 1802 iii
621 1748 714 1816 fugam
732 1755 903 1825 conjecerunt
914 1756 997 1818 atqua

74 1816 112 1871 ita
128 1819 282 1888 perterritos
299 1829 418 1900 egerunt,
438 1829 536 1874 utnon
556 1817 629 1888 prius
647 1819 716 1885 fuga·
729 1815 896 1885 desisterent,
913 1834 995 1897 quatu

74 1885 101 1940 iu
121 1898 298 1958 conspectum
317 1889 435 1958 agminis
453 1888 536 1944 nostri
558 1887 703 1942 venissent.
739 1885 769 1939 In
788 1902 821 1939 eo
840 1885 942 1966 proelio
961 1904 997 1949 ex

71 1956 210 2026 equitibus
233 1959 329 2012 nostris
352 1959 545 2013 interficiuntur
564 1975 603 2011 tv.
624 1964 651 2010 et
674 1973 746 2025 axa,
767 1954 794 2007 in
819 1955 862 2008 his
882 1955 923 2009 vir
945 1955 995 2009 for·

74 2024 194 2080 tissimus
216 2028 297 2097 Piso,¹
319 2029 477 2098 Aquitanas,
502 2025 668 2096 amplissimo
691 2041 789 2092 genere
813 2034 898 2093 natus,
918 2024 996 2095 cujus

72 2111 138 2148 avus
161 2096 190 2149 in
213 2097 323 2152 civitate
347 2114 395 2150 sua
418 2114 530 2166 regnum
548 2095 699 2146 obtinuerat
719 2093 823 2146 amicus
842 2094 879 2147 ab
899 2103 995 2148 senatu

72 2178 160 2219 nostro
183 2167 342 2237 appellatus.
388 2166 438 2219 Hic
461 2181 523 2218 cum
547 2163 621 2214 frain
650 2161 792 2214 intercluso
816 2161 851 2214 ab
874 2162 995 2216 hostibus

72 2234 204 2289 auxilium
223 2236 311 2307 ferret,
330 2237 408 2290 illum
425 2253 460 2287 ex
478 2231 594 2303 periculo
615 2230 719 2300 eripuit,
738 2230 796 2299 ipse
814 2247 883 2299 equo
901 2231 994 2284 vulne·

72 2313 127 2356 rato
144 2297 275 2375 dejectus,
288 2305 375 2376 quoad
393 2303 485 2372 potuit,
505 2300 649 2354 fortissime
668 2299 779 2352 restitit:
799 2316 863 2352 oum
881 2300 994 2353 circum·

72 2381 168 2426 ventus
184 2375 275 2427 multis
287 2373 440 2428 vulneribus
458 2369 577 2438 acceptis
594 2368 746 2436 cecidisset,
758 2375 839 2445 atque
857 2368 885 2419 id
904 2369 992 2438 frater,

71 2442 116 2509 qui
134 2442 192 2512 jam
212 2444 310 2512 proelio
332 2449 491 2508 excesserat,
512 2438 602 2508 procul
622 2435 864 2505 animadvertisset,
884 2435 993 2490 incitato

71 2526 139 2581 equo
151 2528 181 2564 se
193 2511 315 2567 hostibus
327 2511 422 2565 obtulit
434 2518 514 2583 atque
527 2506 684 2560 interfectus
696 2513 744 2557 est.

100 2684 105 2708 ‘
115 2683 172 2730 The
183 2683 291 2752 singular
294 2685 394 2752 fecisset
406 2683 426 2730 is
437 2683 494 2730 here
507 2679 576 2736 used,
589 2681 695 2728 because
707 2677 749 2724 the
757 2677 878 2739 principes
891 2675 939 2725 and
949 2675 992 2726 the

69 2751 167 2791 reactus
179 2758 219 2790 are
230 2758 254 2791 m
265 2743 334 2792 realit
363 2743 421 2802 only
432 2757 477 2789 oric
489 2741 536 2788 and
552 2740 593 2788 the
609 2753 677 2786 same
694 2738 759 2797 body
769 2735 797 2784 of
808 2751 874 2794 nien,
887 2736 934 2786 and
950 2735 992 2785 the

68 2818 95 2850 uc
105 2800 187 2850 which
198 2812 313 2850 connects
324 2759 365 2850 the
376 2812 426 2850 two
438 2802 459 2849 is
469 2800 511 2848 the
522 2815 590 2847 same
601 2815 628 2846 as
640 2799 665 2845 id
676 2806 718 2845 cat.

96 2890 213 2939 'Rursus
224 2891 282 2939 here
294 2891 338 2939 has
349 2890 390 2937 the
407 2889 520 2949 meaning
530 2887 559 2936 of
570 2888 683 2941 vicissim,
699 2885 738 2932 ‘in
748 2883 812 2932 their
823 2892 879 2932 turn
888 2883 906 2932 τ’
918 2898 954 2939 as,
967 2882 993 2930 itt

68 2948 132 2998 their
142 2959 198 2998 turn
210 2957 263 3007 (our
273 2955 338 3004 men)
350 2948 442 3016 offered
453 2948 594 2997 resistance.
887 2966 889 2970 ’

96 3039 154 3088 'As
166 3038 225 3088 Piso
240 3039 262 3087 is
273 3055 288 3087 a
299 3039 396 3086 Roman
411 3053 491 3094 name,
504 3037 543 3084 his
559 3032 723 3096 grandfather,
737 3030 793 3098 who
806 3029 854 3077 had
870 3031 933 3077 been
947 3003 991 3077 ho·

68 3098 159 3147 noured
176 3099 262 3161 bytho
280 3099 376 3148 Roman
392 3097 487 3158 people,
505 3094 554 3145 had
572 3091 690 3155 probably
701 3088 814 3138 received
833 3088 876 3139 the
894 3088 992 3138 Roman

69 3153 196 3260 franchise.
289 3174 292 3181 ’
538 3222 549 3255 1
