2146 3704
389 263 553 307 wasnau
573 263 628 310 ιι...-
666 277 687 286 f·
790 290 792 294 -
954 248 1001 319 7³,

71 378 139 445 qtae
155 378 350 445 secumaagere
361 380 578 447 seponereyncu
589 371 999 444 panormitanensem,

71 459 136 497 uum
144 441 279 512 depositis
291 440 443 499 -cuucdiam
455 459 490 500 ea
502 442 563 495 suis
574 457 608 503 ao
619 440 752 512 praesidio
764 457 813 502 sex
824 443 997 510 miliahomif'

70 529 133 577 uum
144 518 214 566 vuna.
226 509 397 580 reliquerunt.
434 511 468 568 Hi
487 519 546 591 post
562 527 657 570 eorum
673 510 786 572 obitum!
797 511 897 572 multos
910 530 994 573 anuos

69 580 445 653 ahcitimie'xexagitarhcum
463 581 532 632 alias
542 579 646 640 bellum
655 580 800 649 ,inferrent
812 579 881 642 alias
891 581 997 642 illatum

70 646 254 717 defenderent,
273 653 410 705 consensu
418 651 528 709 vectum?
536 649 660 707 omnium
673 665 745 719 pace
757 648 842 720 daem,
856 649 933 710 huuc,
945 651 996 710 eibi

69 718 485 788 domiciliolocumdclegerunt.
524 750 526 775 ;
570 767 572 770 ,
638 722 675 779 1ίρ
697 734 718 781 Q
745 751 747 757 v
838 768 839 771 ,
976 761 978 764 ψ

73 805 80 831 ’-
101 794 145 843 30.
164 791 208 845 Ac
223 787 309 859 primo
325 787 455 844 adventu³
472 787 607 846 exercitus
625 788 706 845 nostri
723 786 831 848 crebras
848 804 883 841 ex
899 787 996 858 oppido

69 856 395 915 excursionestccieuant
418 857 589 926 parvulisque
603 857 717 926 ‘proeliis
735 873 803 919 cum,
820 858 916 915 nostris
931 873 996 917 con-1

70 927 231 984 tendebant:
250 933 349 995 postea
368 925 438 979 vallo
459 926 563 996 ,pedum
581 943 632 983 aar.
652 926 680 980 in
703 927 816 987 circuitu
839 927 996 996 quindecim

69 997 177 1066 milium*
187 995 340 1066 crebrisque
352 995 470 1051 castellis
481 996 678 1053 circummuniti
689 995 858 1065 oppidosese
878 997 995 1055 contine·

69 1067 159 1121 bant.v
179 1065 233 1119 Ubi
251 1064 336 1120 niueis
349 1064 428 1139 actis,
448 1081 545 1134 aggere
563 1074 697 1122 exstructo
715 1066 808 1125 turrim
825 1067 917 1135 procul
934 1084 996 1121 cou-

68 1134 296 1204 stituisiderunt,
316 1134 432 1203 primurn
453 1134 563 1192 irridere
584 1152 618 1188 ex
632 1151 713 1189 muro
732 1143 814 1203 atque
837 1135 995 1206 increpitare

69 1204 190 1274 vocibus
202 1203 274 1273 quod
287 1212 360 1260 tanta
377 1204 540 1258 machinatio
558 1203 602 1258 ab¹
613 1212 686 1260 tanto
704 1205 793 1273 spatio
802 1205 992 1260 instrueretur:

69 1274 242 1344 quibusnam*
259 1273 384 1326 manibus
401 1283 448 1326 aut
465 1274 563 1343 quibus
581 1273 856 1343 viribuspraesertim
871 1273 996 1333 vhomines

69 1343 192 1399 tantulae
202 1350 320 1399 staturae
332 1343 406 1413 (nam
424 1343 584 1412 plerumque
600 1342 726 1397 omnibus
736 1342 822 1397 Gallis
839 1359 903 1413 prae
920 1361 995 1414 mag-

68 1409 193 1478 nitudine
213 1427 352 1481 corporum
376 1428 486 1467 suorum
509 1412 628 1468 brevitas
649 1420 737 1464 nostru
756 1413 922 1484 contemptui
941 1415 995 1483 est)

69 1482 137 1536 tanti
148 1481 238 1535 oneris
250 1481 342 1535 turrim
355 1482 382 1535 in
394 1497 470 1533 muro
483 1497 543 1533 sese
555 1480 685 1533 collocare
697 1480 880 1535 consideranti
987 1524 994 1534 „

104 1549 220 1605 ³1.'Ubi
235 1558 298 1603 ‘vero
317 1550 418 1603 moveri
435 1559 464 1602 et
481 1549 692 1619 appropinquare
709 1548 851 1602 moenibus
862 1547 995 1620 viderunt,

68 1625 139 1675 nonu
148 1627 232 1699 atque
244 1619 396 1673 inusitatas
433 1620 473 1673 cie
483 1619 619 1686 *commoti
637 1618 741 1685 legatos
757 1617 792 1672 ad
805 1618 951 1675 Caesarem
961 1617 996 1672 de

103 1706 137 1744 ce
154 1694 292 1758 miserunt,
310 1689 356 1757 qui
373 1706 390 1741 a
427 1688 498 1742 buno
515 1687 627 1743 modum
644 1686 740 1739 locuti:
762 1702 813 1740 non
833 1687 998 1743 existimaret

106 1764 203 1816 manos
221 1759 278 1812 sine
289 1773 340 1826 ope
352 1757 443 1812 divina
454 1757 558 1813 bellum
568 1773 669 1826 gerere,
683 1756 728 1825 qui
741 1763 831 1813 tantae
850 1756 997 1810 altitudinis

68 1826 283 1883 machinationes
295 1826 374 1880 'tanta
390 1827 530 1880 celeritate
547 1842 703 1895 promovere
721 1833 837 1895 possent,
850 1840 880 1878 se
895 1841 996 1897 suaque

67 1896 273 1952 cmuiaeorum
295 1897 421 1966 potestati
440 1896 596 1966 permittere
616 1895 749 1948 dixenrnt.
782 1895 885 1949 Unum
903 1904 997 1965 petere

67 1983 102 2020 ac
118 1965 258 2036 deprecari
266 1965 284 2018 :²
304 1965 331 2016 ei
350 1965 417 2018 forte
440 1982 487 2035 pro
506 1968 554 2025 sua
565 1964 711 2018 clementia
727 1980 760 2016 ac
778 1965 995 2035 mansuetudine,

68 2052 158 2106 quam
171 2034 223 2104 ipsi
240 2033 277 2087 ab
296 2034 356 2087 aliie
374 2034 503 2104 audirent,
523 2034 666 2096 statuisset,
683 2033 838 2088 Aduatucos
855 2051 915 2087 esse
935 2051 997 2088 con·

67 2103 223 2172 eemundus,
236 2119 271 2156 ne
283 2120 313 2156 se
324 2105 407 2158 armis
423 2104 592 2175 despoliaret.
628 2103 683 2156 Sibi
695 2119 790 2157 omnes
801 2104 858 2156 sere
869 2104 996 2174 finitimos

67 2191 130 2228 esse
148 2173 272 2226 inimicos
286 2190 319 2226 ac
331 2190 396 2226 suae
408 2173 496 2226 virtuti
515 2172 652 2241 invidere;
669 2189 686 2225 a
698 2172 795 2242 quibus
806 2188 837 2226 se
848 2173 996 2226 defendere

68 2243 175 2297 traditis
185 2243 268 2318 armis
280 2259 332 2295 non
340 2251 457 2313 possent.
487 2241 693 2312 albiniacum,
703 2241 762 2295 siin
775 2258 839 2294 eum
848 2242 996 2296 casumde·

97 2393 206 2441 ¹Obitus
224 2393 245 2440 is
260 2393 318 2442 here
334 2394 395 2442 used
406 2393 434 2442 of
446 2394 487 2442 the
498 2394 648 2442 destruction
659 2393 688 2441 of
699 2393 741 2441 the
753 2393 847 2441 Cimbri
864 2394 911 2441 and
927 2395 994 2442 Tau-

68 2452 166 2560 3322(
177 2452 280 2510 Marius,
293 2453 388 2529 though
399 2453 417 2501 it
428 2453 568 2514 commonly
578 2452 688 2514 significa
705 2452 746 2501 the
762 2453 836 2501 death
847 2453 875 2502 of
886 2468 918 2501 au
933 2452 994 2502 iudi·

97 2583 173 2632 ¹The
184 2583 253 2632 word
268 2601 347 2632 eorum
364 2583 440 2632 refers
459 2583 518 2631 both
529 2550 563 2631 ¹to
579 2585 612 2638 li,
630 2582 673 2629 the
689 2582 785 2641 subject
801 2581 829 2629 os
840 2581 882 2630 she
899 2562 996 2646 leadinu

68 2641 161 2699 clause,
174 2642 222 2691 and
233 2652 258 2690 to
269 2643 340 2691 those
352 2643 412 2690 with
424 2642 506 2690 whom
517 2642 576 2702 they
587 2640 634 2689 had
645 2642 708 2688 been
719 2651 743 2688 at
754 2655 811 2688 war.

76 2710 81 2714 ’
99 2715 240 2775 'Compare
252 2715 266 2762 i.
277 2720 315 2772 22,
328 2725 385 2764 note
396 2719 418 2763 3.

97 2787 165 2836 ⁴See
176 2786 245 2847 chap.
253 2792 276 2845 7,
289 2798 346 2836 note
356 2792 377 2836 1.

96 2859 214 2908 ‘Before
231 2863 356 2909 aduenam
366 2871 432 2909 must
443 2862 474 2909 be
485 2859 631 2924 understood
643 2877 712 2909 some
723 2861 790 2911 word
800 2864 943 2925 expreseing
954 2864 996 2913 the

67 2919 168 2990 wonder
176 2919 205 2967 of
211 2930 220 2966 t
239 2935 253 2968 e
262 2920 395 2977 Aduatuci,
405 2920 486 2969 which
497 2921 518 2969 is
529 2920 657 2969 contained
668 2920 693 2968 in
703 2921 744 2969 the
753 2924 896 2982 expression
904 2925 995 2972 occilru

68 2987 235 3111 mirlelpdllldley
246 3069 278 3100 ce.
306 3051 384 3099 What
395 3051 453 3100 here
463 3051 568 3110 follows,
579 3053 651 3102 down
660 3014 687 3100 to
695 3063 802 3115 possent,
812 3054 920 3114 depende
930 3068 996 3111 upon

68 3110 110 3158 tha
127 3110 252 3169 participle
269 3112 349 3178 locuti,
363 3112 409 3158 and
420 3111 494 3160 forms
510 3112 567 3173 only
579 3113 621 3160 tho
637 3111 800 3180 introduction
811 3122 837 3160 to
848 3112 890 3180 the
905 3111 995 3180 speech

67 3169 151 3276 ‘aloldi
162 3169 347 3276 ὢξὶιιοαὲιῗὲιήὲίξ
356 3185 411 3217 sum
422 3171 469 3219 und
481 3173 612 3220 substance
624 3171 653 3218 os
664 3180 683 3217 rt
694 3171 767 3230 being
778 3170 907 3220 contained
917 3186 942 3218 m
952 3169 995 3219 the

97 3300 183 3347 'That
195 3300 225 3357 is,
242 3299 316 3359 ‘they
326 3301 458 3358 requested
470 3302 523 3349 that
533 3302 565 3350 hs
574 3300 656 3349 would
668 3310 709 3348 not
721 3299 751 3349 do
762 3315 808 3349 one
821 3301 908 3364 thing!

157 3375 173 3410 7
888 3375 894 3379 ,
