2146 3704
76 207 117 270 40
263 223 266 239 ·
376 229 419 270 na
439 229 537 271 nunno
557 227 695 271 aninmo.

79 335 142 404 tunt,
156 352 172 389 e
190 335 246 390 suis
262 335 360 392 finibus
377 355 404 391 rn
421 338 605 392 Helvetiorum
618 339 687 392 fines
701 336 840 390 transirent
852 342 879 389 et
890 333 997 391 tinitimi

77 405 181 458 Galliae
193 406 344 475 provinciae
356 407 595 478 Allobrogibusque
613 415 712 460 essent.
748 406 827 459 Boios
863 406 999 459 etentibus

77 474 187 544 Aeduis,
201 474 271 544 qnod
290 476 397 545 egregia
414 477 510 530 virtute
528 486 603 530 erant
620 475 725 544 cogniti,
740 484 768 528 ut
786 475 814 528 in
870 474 931 527 ibus
942 475 999 527 suis

78 543 244 614 collocarent,
263 545 395 598 concessit
404 547 420 615 3¹
443 547 541 614 quibus
561 546 599 599 illi
618 546 705 614 agros²
723 544 854 598 dederunt
877 560 999 613 quosque

77 622 170 682 postea
189 613 216 666 in
236 630 328 684 parem
350 614 418 685 juris
440 614 624 685 libertatisque
647 613 825 668 conditionem
845 620 927 683 atque
948 613 999 684 ipsi

64 690 162 750 ¹erant,
174 692 341 752 receperunt.

113 756 156 804 29.
180 752 210 804 In
230 753 325 805 castris
343 753 527 806 Helvetiorum
546 752 654 807 tabulae
673 760 795 822 repertae
819 759 880 805 sunt
903 751 1000 804 litteris

44 857 46 861 -
77 820 346 875 Graecis⁸coniectae
364 823 443 875 etad
461 823 604 876 Caesarem
622 821 729 892 relatae,
741 821 839 890 quibus
855 821 883 873 in
902 820 1001 874 tabulis

77 888 235 943 nominatim
257 891 324 943 ratio
346 892 469 945 confecta
491 900 555 962 erat,
575 892 621 972 qui
644 907 773 945 numerus
795 890 874 943 domo
899 889 1000 942 exisset

77 974 178 1028 eorum,
191 959 238 1027 qui
249 977 325 1013 arma
336 959 405 1013 ferre
418 969 533 1032 possent,
546 970 574 1014 et
586 970 653 1014 rtem
665 960 808 1030 separatim
822 958 906 1030 pueri,
920 976 1001 1012 senes

77 1026 268 1097 mulieresque.
303 1029 424 1087 Quarum
441 1028 561 1083 omnium
579 1030 677 1083 rerum⁴
688 1045 795 1082 summa
809 1037 866 1081 erat
879 1028 1000 1097 capitum

77 1094 261 1150 Helvetiorum
280 1097 356 1150 milia
375 1114 497 1167 ccnxrrr,
515 1098 687 1167 Tulingorum
706 1097 782 1150 milia
799 1113 904 1166 mvn,
922 1097 1000 1149 Lato-

77 1164 214 1234 brigorum
232 1183 300 1236 xrv,
319 1167 498 1220 Rauracorum
517 1183 606 1234 xxm,
627 1167 751 1219 Boiorum
770 1182 873 1220 xxxin:
895 1182 930 1219 ex
949 1165 999 1236 his,

77 1235 122 1305 qui
153 1251 229 1288 arma
251 1235 321 1288 ferre
344 1242 459 1304 possent,
483 1235 518 1287 ad
547 1235 622 1288 milia
644 1251 769 1289 axxxxrr.
804 1235 916 1288 Summa
944 1252 1001 1288 om·

77 1303 153 1356 nium
164 1303 272 1357 fuerunt
283 1303 318 1357 ad
330 1304 405 1357 milia
417 1320 567 1356 cccuxvrrr.
603 1305 710 1373 Eorum,
721 1303 768 1373 qui
785 1303 896 1357 domum
914 1304 1000 1357 redie-

77 1372 1002 1494 ruqt,ceusuhabito,ntCacsarimperarerat,repertusestnumerus

77 1458 115 1496 mr
126 1458 183 1495 rum
195 1458 220 1496 c.
233 1451 260 1495 et
272 1458 300 1496 x.

112 1515 155 1564 3⁰.
175 1510 249 1564 Bello
267 1509 451 1565 Helvetiorum
468 1509 589 1564 consecto
606 1511 687 1564 totins
703 1510 760 1564 fere
778 1511 892 1564 Galliae⁸
909 1511 999 1581 legati,

76 1580 212 1660 principes
231 1581 379 1651 civitatum,
400 1581 435 1634 ad
456 1581 599 1634 Caesarem
619 1580 783 1649 gratulatum
802 1589 999 1634 convenerunt:

77 1649 225 1719 intelligere
249 1667 318 1721 sese,
337 1650 444 1704 tametsi
466 1666 514 1719 pro
533 1650 669 1704 veteribus
691 1647 874 1703 Helvetiumm
898 1649 1001 1719 injuriis

76 1719 167 1789 populi
179 1720 301 1774 Romeni⁶
311 1719 347 1773 ab
358 1719 402 1772 his
413 1735 513 1790 poenas
525 1719 596 1772 bello
608 1718 756 1789 repetisset,
767 1727 857 1772 tamen
869 1735 931 1772 earn
943 1736 1002 1773 rem

77 1803 130 1842 non
147 1789 237 1842 miuus
254 1806 289 1843 ex
306 1805 358 1843 usu
376 1798 461 1841 terrae
479 1788 584 1842 Galliae
601 1805 684 1858 quarn
700 1788 789 1858 populi
801 1789 913 1842 Romani
930 1788 1002 1841 acci·

77 1856 169 1910 disse·
186 1866 327 1927 propterea
344 1858 415 1927 quod
433 1873 465 1910 eo
483 1858 592 1911 consiho
607 1857 804 1911 florentissimis
816 1858 896 1911 rebus
907 1857 1001 1910 domos

77 1942 141 1979 suas
186 1926 278 1979 elvetii
297 1926 473 1995 reliquissent,
495 1927 534 1980 uti
558 1927 606 1980 toti
625 1926 728 1980 Galliae
747 1925 850 1981 bellurn
874 1925 1002 1980 inferrent

77 1994 115 2047 im
152 1995 243 2064 rioque
263 1995 409 2064 potirentur
428 1994 516 2049 locum
536 2013 571 2048 ue
591 1995 727 2049 domicilio
747 2012 782 2050 ex
805 2013 904 2064 magna
924 1998 1003 2065 copie

77 2063 112 2116 de
124 2066 234 2142 igereut,
247 2079 331 2143 quem
342 2080 377 2118 ex
388 2065 460 2143 omui
472 2013 561 2118 Gaiiia
576 2065 830 2135 opportunissimum
841 2082 874 2118 ac
885 2064 1002 2118 fructuo-

77 2133 214 2187 sissimum
225 2133 397 2204 judicassent,
408 2133 578 2202 rehquasque
591 2134 714 2188 civitates
723 2133 908 2256 stigandiarias
919 2134 1002 2188 habe-

77 2210 144 2255 rent.
180 2203 326 2272 Petiemnt,
346 2202 385 2255 uti
407 2202 459 2257 sibi
481 2203 626 2257 concilium
649 2204 730 2257 totius
774 2202 854 2256 allice
877 2203 906 2256 in
926 2204 1002 2257 diem

105 2381 266 2431 ¹Constme:
286 2381 407 2430 Cmrressit
422 2381 513 2443 Aspara
527 2386 670 2446 petentibus,
688 2394 715 2434 at
730 2386 868 2434 collocarent
884 2384 956 2434 Boios
974 2385 1002 2433 isr

76 2442 170 2505 finibus
180 2443 243 2498 ruis,
256 2443 318 2502 quod
328 2443 432 2503 egregio,
446 2441 495 2489 &c

105 2515 115 2544 ¹
125 2513 180 2564 The
189 2513 283 2563 district
294 2515 407 2562 between
418 2512 460 2562 the
470 2514 546 2582 rivers
556 2513 630 2577 Liger
639 2515 729 2574 (Lcirc)
738 2516 785 2565 end
794 2515 883 2565 Elaver
893 2515 999 2574 (Allien,

76 2587 135 2622 near
145 2573 208 2623 their
218 2572 367 2622 coufluence.
400 2572 447 2620 See
458 2588 499 2621 vu.
510 2576 534 2622 9.

105 2647 180 2695 ⁸'Phe
191 2645 308 2715 Helvetii,
321 2661 348 2714 as
358 2644 417 2694 well
427 2661 454 2693 es
465 2645 536 2694 other
547 2646 627 2696 Gallio
638 2648 722 2704 tribes,
734 2647 796 2696 used
812 2646 853 2694 the
866 2646 950 2695 Greek
965 2645 1000 2694 ol·

76 2703 167 2773 phabet
178 2705 203 2753 in
213 2705 409 2772 theirwrrtrngs3
426 2704 469 2752 the
493 2704 551 2774 had,
565 2706 669 2774 ¹rcbnbly
675 2709 775 2754 become
787 2707 932 2773 acquainted
940 2705 1001 2754 with

76 2764 211 2871 qtftgroqgh
217 2763 280 2869 (13qun
275 2762 423 2880 rquliquq'tlanltq
434 2763 463 2811 os
504 2720 594 2822 aserim,
608 2781 622 2812 u
634 2764 717 2813 Greek
732 2764 819 2825 colony
829 2781 855 2812 rn
870 2765 911 2812 the
927 2764 1001 2813 south

137 2839 185 2870 au.
375 2857 381 2869 .
424 2857 430 2869 .

105 2895 213 2944 ‘Rerum
223 2893 244 2942 is
255 2893 313 2942 here
324 2893 385 2942 used
396 2893 421 2941 in
431 2893 473 2942 the
484 2911 557 2945 sense
567 2895 596 2944 of
607 2910 672 2952 men,
686 2911 712 2943 es
728 2895 753 2942 in
769 2894 838 2954 chap.
851 2899 880 2944 27
892 2914 918 2944 ea
934 2911 1000 2944 corn·

75 2954 158 3017 prised
168 2953 227 3002 both
237 2968 295 3001 meu
305 2952 353 3001 and
364 2968 436 3001 arms.

104 3027 191 3078 'That
206 3027 237 3083 is,
251 3025 340 3082 Gallia,
353 3025 378 3073 in
393 3025 435 3073 the
450 3041 572 3074 uarrower
586 3041 659 3074 sense
675 3025 703 3074 of
714 3025 755 3074 the
766 3025 842 3080 word.
855 3041 882 3074 or
895 3026 998 3083 Celtica,

75 3087 119 3137 the
131 3086 195 3136 third
205 3085 233 3134 os
244 3084 286 3133 the
297 3085 366 3133 three
377 3084 494 3134 divisione
504 3085 533 3133 cf
540 3085 613 3133 Gaul.

106 3161 150 3209 ‘Is
165 3160 207 3208 the
223 3157 343 3220 objective
359 3156 481 3219 genitive:
500 3156 556 3207 ‘the
566 3171 665 3219 wrongs
675 3156 756 3206 which
772 3157 814 3207 the
828 3158 937 3206 Helvetii
952 3156 999 3207 had

76 3219 140 3270 done
150 3227 175 3268 to
184 3218 226 3268 the
237 3217 333 3269 Romen
343 3215 448 3278 pooplel
