2146 3704
52 246 111 311 144
352 263 393 304 na
414 260 510 304 annuo
532 261 668 303 caturco.

51 375 174 431 ciuitates
197 371 375 442 sollicitarent,
400 372 530 442 pecunias
558 371 752 443 pollicerentur,
776 388 876 441 magna
898 381 974 442 parte
1039 369 1043 372 ’

51 447 185 500 exercitus
196 445 277 496 nostri
290 443 436 512 interfecta,
450 443 533 495 multo
544 443 675 495 minorem
694 458 835 510 superesse
854 441 975 496 dicerent

50 523 163 586 partem.
200 513 296 582 Neque
319 521 410 565 tamen
427 513 474 565 ulli
493 512 593 565 civitati
611 513 803 564 Germanomm
821 511 977 580 persuaderi

50 585 143 655 potuit,
156 593 186 636 ut
203 581 325 636 Rhenum
344 583 474 651 transiret,
493 599 578 651 quum
595 599 624 634 se
643 581 686 633 bis
704 589 828 648 expertos
845 580 975 650 dicerent,

51 653 177 707 Ariovisti
200 652 280 704 bello¹
298 662 325 704 et
344 652 534 704 Tencterorum
552 650 681 720 transitu,²
699 666 751 701 non
775 667 836 702 esse
859 650 977 719 amplius

52 721 185 776 fortunam
210 721 373 774 tentandam.
409 720 467 772 Hac
490 737 538 789 spe
556 719 654 788 lapsus⁸
671 719 875 788 Indutiomarus,
894 719 977 772 nihilo

51 792 143 846 minus
158 792 247 859 copias
263 807 366 859 cogere,
385 807 519 857 exercere,
537 805 554 840 a
572 788 693 841 finitimis
709 804 794 856 equos
810 804 913 858 parare,
932 805 978 842 ex·

52 861 126 915 soles
138 861 330 927 damnatosque
343 867 397 911 tota
409 858 504 911 Gallia⁴
516 857 620 925 magnis
636 857 763 937 praemiis
780 857 814 908 ad
828 873 857 908 se
869 857 978 910 allicere

52 931 148 999 coepit.
185 930 226 980 Ac
239 939 340 980 tantam
360 927 411 979 sibi
427 927 485 996 jam
497 927 529 978 iis
542 927 621 978 rebus
638 944 665 979 1n
684 925 773 978 Gallia
790 928 978 980 auctoritatem

52 1005 260 1076 comparaverat,
278 1004 308 1049 ut
326 996 444 1064 undique
466 996 501 1048 ad
525 1012 587 1048 eum
612 995 759 1063 legationes
781 1006 976 1067 concurrerent,

52 1075 163 1137 gratiam
177 1073 259 1135 atque
270 1066 416 1118 amicitiam
429 1065 535 1134 publice
547 1065 725 1134 privatimque
738 1072 870 1133 peterent.

88 1141 130 1188 56.
148 1134 203 1196 Ubi
219 1135 350 1189 intellexit
372 1134 440 1187 ultro
463 1134 498 1186 ad
521 1151 551 1186 se
570 1134 660 1202 veniri,
679 1132 763 1185 altera
780 1151 815 1186 ex
838 1143 914 1202 parte
932 1134 977 1187 se-

52 1222 137 1259 nones
155 1205 337 1273 Carnutesque
355 1203 517 1257 conscientia
534 1203 658 1261 facinoris
674 1203 801 1272 instigari,
814 1202 899 1255 altera
910 1205 978 1258 Ner·

52 1275 110 1328 vics
122 1273 329 1342 Aduatucosque
342 1273 444 1326 bellurn
458 1273 585 1325 Romanis
597 1288 699 1342 parare,
712 1289 801 1341 neque
819 1273 871 1326 sibi
883 1272 977 1326 volun·

53 1344 181 1397 lariorum
200 1343 291 1411 copias
308 1342 407 1410 delore,
421 1342 442 1395 si
455 1359 490 1393 ex
501 1340 599 1394 finibus
616 1340 671 1394 suis
688 1341 811 1410 progredi
828 1343 976 1412 coepisset:

52 1422 186 1466 armatum
204 1411 346 1464 concilium
364 1411 465 1482 indicit,
485 1410 547 1482 (hoc
565 1427 638 1464 more
655 1410 792 1464 Gallcmm
811 1420 852 1464 est
870 1411 978 1466 initium

53 1482 130 1554 belli)
154 1500 205 1552 quo
228 1482 289 1550 lege
312 1482 447 1536 communi
471 1497 565 1534 ornnes
588 1480 703 1550 puberes
721 1481 817 1533 armati
834 1481 978 1534 convenire

53 1560 228 1619 consueruut3
270 1551 297 1603 ui
315 1568 350 1604 ex
367 1551 400 1604 iis
422 1550 584 1604 novissimus
601 1549 681 1617 veuit,
701 1549 728 1600 in
746 1559 891 1620 conspectu
909 1550 977 1604 mul-

53 1621 173 1674 titudinis
190 1621 261 1673 omni
281 1637 313 1672 us
331 1619 493 1673 cruciatibus
515 1619 639 1672 adlectus
660 1626 780 1671 necatur.
816 1619 847 1673 In
866 1637 899 1672 eo
915 1637 978 1674 con-

53 1689 115 1743 cilio
144 1689 347 1759 Cingetorigem,
373 1689 482 1742 alterius
510 1689 657 1758 principem
686 1686 816 1759 factionis,
845 1706 978 1757 generum

54 1775 141 1830 suum,
156 1760 248 1828 [quem
261 1775 341 1828 supra
353 1758 603 1825 demonstravimus,
611 1757 731 1811 Caesaris
742 1766 865 1812 secutum
884 1758 977 1830 fidem,

53 1828 89 1882 ab
100 1846 132 1881 eo
144 1846 195 1881 non
208 1828 385 1899 discessisse‘)
398 1827 503 1880 hostem
520 1826 621 1896 judicat
639 1826 760 1906 bonaque
778 1825 837 1896 ejus
848 1826 979 1896 publicat.

53 1896 104 1950 His
121 1897 201 1949 rebus
224 1896 359 1976 confectis,
379 1896 405 1948 in
424 1895 534 1949 concilio
551 1903 715 1964 pronunciat,
735 1897 895 1950 arcessitum
913 1915 943 1950 se
961 1914 980 1951 a
1066 1904 1067 1911 ’

53 1964 200 2019 Senonibus
212 1974 239 2016 et
251 1965 411 2018 Carnutibus
420 1964 466 2017 alii
499 1981 534 2017 ue
551 1963 732 2033 compluribus
743 1964 848 2018 Galliae
866 1966 980 2020 civitati·

53 2034 112 2104 bus,
126 2033 189 2086 hnc⁰
200 2033 250 2085 iter
267 2032 401 2086 facturum
419 2049 467 2102 per
522 2049 553 2085 es
569 2033 722 2104 Remorum,
736 2051 883 2104 eorumque
901 2052 980 2105 agros

54 2102 239 2173 populaturum
252 2118 285 2153 ac
297 2102 377 2172 prius,
408 2119 472 2155 uam
490 2101 517 2153 id
535 2101 625 2173 saciat,
644 2102 757 2156 Labieni
774 2112 861 2156 castra
877 2121 979 2176 oppug-

54 2182 193 2226 naturum:
213 2187 282 2238 qnae
294 2171 352 2224 fieri
364 2119 435 2239 velit,
449 2172 587 2241 praecipit.

89 2245 131 2293 57.
150 2239 293 2310 Labienus,
312 2257 396 2310 quum
415 2249 442 2293 et
460 2240 510 2294 loci
535 2249 628 2294 natura
645 2251 672 2294 et
689 2257 773 2294 manu
790 2241 980 2296 munitissimis

54 2309 150 2364 eastris
167 2326 227 2362 sese
240 2317 350 2380 teneret,
364 2310 399 2363 de
411 2327 459 2363 suo
471 2327 503 2362 ac
516 2309 628 2378 legionis
639 2309 756 2380 periculo
768 2309 836 2362 nihil
848 2311 979 2382 timebat;

53 2394 89 2432 ne
107 2396 188 2450 quarn
206 2379 373 2432 occasionem
387 2380 425 2431 rei
438 2378 507 2432 bene
519 2379 653 2447 gerendae
665 2379 820 2448 dimitteret,
834 2380 978 2448 cogitabat.

53 2448 147 2518 Itaque
164 2465 181 2501 a
199 2449 365 2518 Cingetorige
383 2456 464 2518 atque
482 2447 542 2501 e'us
579 2447 715 2517 ropinquis
732 2448 848 2502 oratione
860 2449 980 2503 Indutio-

53 2519 120 2572 mari
144 2520 257 2598 cognita,
277 2535 358 2587 quarn
377 2517 403 2570 in
422 2517 496 2570 conci
508 2518 532 2570 io
555 2465 692 2586 dubuerat,
712 2517 821 2571 nuncios
844 2518 926 2572 mittit
942 2519 978 2573 ad

52 2588 182 2641 finitimas
205 2596 328 2641 civitates
351 2588 510 2656 equitesque
533 2586 652 2656 undique
676 2594 786 2640 evocat:
815 2586 849 2640 iis
872 2595 978 2642 certum
1051 2619 1062 2629 -

53 2655 127 2710 diem
146 2656 322 2710 conveniendi
342 2656 416 2710 dicit.
453 2655 562 2709 Interim
582 2673 663 2735 prope
681 2655 800 2725 quotidie
819 2673 883 2710 cum
903 2656 978 2714 omni

53 2727 173 2794 equitatu
197 2725 393 2779 Indutiomarus
415 2725 466 2778 sub
488 2726 591 2778 castris⁷
608 2742 668 2795 eJus
685 2724 839 2796 vagabatur,
856 2725 925 2779 alias
947 2733 978 2780 ut

81 2885 89 2914 ¹
99 2884 147 2932 See
157 2884 173 2932 i.
185 2880 223 2940 31,
236 2884 286 2932 &c

80 2957 147 3006 ’See
158 2956 190 3005 iv.
203 2960 225 3013 1,
239 2957 288 3005 dac.

79 3029 194 3093 ’lupam
206 3029 264 3078 here
274 3029 296 3077 is
307 3028 445 3088 equivalent
456 3036 482 3077 to
495 3028 694 3090 'disappointed’

79 3103 165 3152 ‘Tbat
176 3103 206 3160 is,
219 3104 246 3151 in
256 3110 306 3151 toto
319 3101 410 3160 Gallia,
422 3117 450 3151 or
461 3119 506 3165 per
515 3110 587 3151 totam
599 3103 711 3152 Galliam.

80 3177 90 3204 ⁸
100 3176 147 3225 See
157 3192 182 3225 r.
193 3179 215 3225 ³.

80 3245 168 3304 ⁴an
186 3247 280 3305 thatin,
293 3248 344 3296 into
354 3248 397 3296 the
408 3256 511 3307 country
521 3247 550 3295 os
562 3247 603 3295 the
616 3247 725 3296 Senones
736 3247 783 3296 and
795 3246 925 3299 Carnutes.

80 3315 148 3364 'Sub
154 3322 245 3368 castn‘s
255 3320 277 3368 is
292 3319 387 3369 ‘below
397 3319 438 3369 the
450 3319 540 3380 camp,’
553 3335 580 3367 or
594 3319 674 3368 ‘close
685 3329 711 3368 to
722 3320 764 3368 the
774 3321 863 3382 carnpss
