2146 3704
72 200 131 263 1⁰6
373 219 415 261 un
436 192 534 260 samo
555 190 709 263 asiarco(

69 337 176 400 septem
198 327 234 383 ab
257 342 290 381 eo
307 325 366 382 loco
383 345 537 400 progressus
553 335 645 398 aperto
661 344 695 381 ac
712 325 791 398 plano
808 325 895 380 litore¹
911 341 997 382 nares

69 398 215 452 constituit.
653 410 656 415 ·

105 473 148 522 24.
171 471 208 522 At
233 465 341 521 barbari
366 467 476 521 consilio
501 466 679 520 Romanorum
709 465 821 536 cognito,
848 465 997 536 praemisso

70 539 191 608 equitatu
207 535 413 607 etessedariis,²
424 553 476 606 quo
494 535 652 606 plerumque
669 551 767 604 genero
787 534 815 588 in
832 534 941 658 qroeliis
957 534 998 588 uti

70 617 239 677 consuerunt,
260 605 371 674 reliquis
393 623 424 659 co
444 605 476 658 iis
498 604 635 658 subsecuti
653 613 756 658 nostros
773 604 835 658 nari
854 620 888 657 us
906 604 999 674 egredi

70 677 256 746 prohibebant.
292 676 357 730 Erat
379 675 414 729 ob
425 625 482 728 Ihas
504 691 601 728 causas
623 689 730 744 summa
753 672 906 742 difficultas,
926 673 999 745 quod

70 763 155 801 nares
184 755 291 816 propter
313 743 528 814 magnitudinem
556 743 608 797 nisi
637 743 663 796 in
692 744 755 796 alto¹
779 743 906 797 constitui
946 760 1000 798 non

69 825 199 886 poterant,
224 813 355 868 militibus
377 823 477 882 autem,
501 813 598 882 ignotis
621 812 693 894 locis,
713 812 849 883 impeditis
871 812 998 867 manibus

70 903 168 954 magno
188 892 216 936 et
232 885 307 952 gravi
324 899 404 935 onere
422 892 556 935 armorum
574 899 709 953 oppressrs
727 882 852 935 simulet
870 881 905 934 de
923 883 997 935 navi·

71 954 123 1008 bus
140 952 321 1006 desiliendum
339 961 366 1005 et
383 951 412 1005 in
430 950 556 1005 fluctibus
575 951 775 1005 consistendum
793 959 820 1004 et
838 969 902 1005 curn
914 950 997 1005 hosti·

70 1022 122 1076 bus
140 1031 196 1075 erat
214 1020 396 1092 pugnandum,
416 1038 479 1074 curn
498 1020 536 1072 illi
559 1025 606 1074 aut
628 1038 663 1074 ex
686 1021 758 1074 arido
775 1029 822 1074 aut
839 1020 950 1091 paulurn
970 1022 997 1074 in

70 1109 169 1163 aquarn
180 1091 320 1162 progressi,
334 1089 459 1144 omuibus
470 1090 600 1144 membris
611 1090 751 1160 expeditis,
764 1091 911 1144 notissimis
921 1091 996 1162 locis,

70 1162 200 1215 audacter
226 1161 280 1214 tela
303 1159 466 1229 conjicerent
491 1168 518 1212 et
543 1175 628 1228 equos
652 1160 823 1212 insuefactos⁴
845 1160 997 1214 incitarent.

70 1231 174 1290 Quibus
197 1230 278 1283 robus
296 1231 382 1294 ,nostri
405 1228 536 1299 perterriti
555 1238 637 1298 atque
656 1226 736 1298 hujus
758 1229 866 1282 omnino
889 1229 999 1298 generis

70 1316 177 1369 pugnae
207 1298 323 1369 imperiti
352 1315 404 1351 non
433 1297 531 1350 eadem
554 1297 691 1350 alacritate
714 1315 748 1351 ac
772 1298 866 1369 studio,
891 1315 945 1369 quo
969 1298 998 1353 in

70 1368 241 1438 pedestribus
259 1367 299 1421 uti
316 1367 423 1438 proeliis
440 1375 607 1437 consuerant,
625 1365 786 1420 nitebantur.

106 1442 147 1490 25.
166 1436 243 1496 Quod
261 1437 307 1491 ubi
327 1437 424 1490 Caesar
441 1435 636 1505 animadvertit,
656 1453 740 1490 naves
757 1437 856 1506 longas,
881 1454 997 1507 quarum

70 1514 97 1560 et
116 1508 222 1577 species
240 1515 295 1560 erat
313 1507 432 1560 barbaris
449 1506 596 1560 inusitatior
608 1515 636 1558 et
647 1515 737 1560 motus
747 1505 782 1561 ad
794 1523 875 1559 usum
887 1508 996 1578 capedi-

71 1576 127 1646 tior,
141 1578 251 1646 paulum
269 1577 401 1630 removeri
419 1576 454 1630 ab
473 1575 598 1628 onerariis
616 1575 730 1628 navibus
748 1584 775 1628 et
794 1576 877 1628 remis
894 1574 997 1629 incitari

71 1655 99 1699 et
121 1647 156 1699 ad
179 1646 250 1699 latus
273 1647 406 1715 apertum⁵
429 1644 546 1699 hostiurn
570 1644 694 1697 constitui
716 1652 797 1715 atque
816 1644 878 1698 inde
896 1645 995 1715 lundis,

71 1715 182 1786 sagittis,
196 1715 335 1769 tormentis
346 1714 438 1769 hostes
454 1713 564 1785 propelli
581 1731 613 1766 ac
633 1714 795 1767 summoveri
811 1713 906 1783 jussit,
925 1732 996 1784 quae

71 1799 115 1836 res
138 1802 235 1854 magno
258 1784 319 1838 usui
343 1785 439 1838 nostris
462 1783 521 1836 luit.
569 1784 639 1837 Nam
663 1790 691 1835 et
720 1783 829 1836 narium
859 1783 945 1853 figura
968 1792 995 1838 et

71 1869 206 1906 remorum
229 1863 304 1907 motu
328 1861 355 1906 et
378 1853 504 1906 inusitato
532 1869 631 1920 genere
661 1860 851 1906 tormentorum
880 1854 995 1923 permoti

70 1920 177 1974 barbari
205 1922 379 1975 constiterunt
401 1939 435 1974 ac
457 1921 569 1991 paulum
597 1921 687 1973 m0d0⁰
709 1921 808 1991 pedem
837 1923 993 1976 retulerunt.

70 1991 160 2069 Atque
183 1991 279 2042 nostris
302 1989 433 2043 militibus
456 1988 650 2059 cunctantibus,
670 1991 788 2044 maxime
812 2007 857 2061 pro
877 2000 918 2045 ter
934 1992 994 2046 alti·

70 2059 191 2112 tudinem
214 2059 303 2128 maris,
322 2059 368 2128 qui
390 2059 513 2111 decimae
536 2058 647 2138 legionis
665 2060 785 2129 'aquilam
802 2060 858 2113 lere
896 2070 913 2132 t,
933 2079 994 2116 con·

69 2128 193 2181 testatus⁷
209 2127 282 2194 deos,
301 2135 331 2179 ut
354 2144 387 2180 ea
410 2127 461 2179 res'
478 2127 575 2196 legioni
594 2126 708 2181 feliciter
724 2130 851 2199 eveniret,
871 2131 992 2201 Desilite,

70 2197 164 2265 inquit,
183 2195 385 2267 commilitones,
405 2197 457 2249 nisi
475 2197 556 2250 vultis
578 2196 698 2267 aquilam
720 2197 842 2252 hostibus
864 2199 993 2269 prodere:

70 2282 120 2334 ego
132 2274 204 2319 certe
216 2283 310 2320 meum
322 2265 496 2336 reipublicae
512 2274 593 2336 atque
611 2267 762 2336 imperatori
780 2267 898 2324 officium
918 2286 994 2338 prae·

70 2337 169 2389 stitero.
205 2335 262 2388 Hoc
280 2353 343 2390 cum
360 2351 427 2388 voce
451 2335 685 2404 magnadixisset,
705 2352 734 2388 se
752 2353 787 2390 ex
804 2337 866 2390 navi
883 2337 995 2408 projecit

69 2413 150 2476 atque
169 2405 198 2458 in
215 2405 306 2458 hostes
322 2405 441 2475 aquilam
458 2404 527 2458 lerra
546 2405 642 2475 coepit.
677 2405 748 2458 Turn
766 2407 849 2460 nostri
865 2407 996 2463 cohortati

69 2677 84 2725 b
99 2618 183 2726 ¹l'lljqut
194 2619 224 2676 is,
236 2634 269 2668 on
279 2635 294 2667 a
304 2628 356 2678 part
368 2616 396 2666 os
407 2617 449 2666 the
461 2626 527 2666 coast
539 2616 620 2665 which
630 2633 682 2664 was
692 2584 744 2675 ssat,
757 2616 805 2666 and
814 2626 857 2665 not
868 2616 995 2678 protected

69 2692 107 2856 ty¹
116 2693 178 2854 '1¹¹hlq
184 2752 277 2854 calcedae
283 2764 348 2797 were
359 2765 374 2796 a
384 2748 445 2810 light
454 2748 513 2797 kind
523 2748 552 2796 of
558 2764 609 2797 war
617 2748 731 2806 ehariots‚
740 2748 858 2809 probably
864 2748 925 2797 with
936 2748 994 2809 only
1054 2807 1056 2816 γ

80 2823 230 2855 mwoea

97 2879 147 2926 'In
156 2881 218 2936 olto;
236 2880 343 2940 numely,
356 2880 425 2935 mari,
441 2878 480 2926 ‘in
491 2879 532 2926 tho
544 2856 607 2939 open
617 2880 676 2929 sea’

97 2963 291 3020 ⁴Accustomed,
304 2961 411 3023 namely,
424 2972 450 3011 to
460 2978 492 3023 go
502 2962 553 3011 into
564 2962 606 3014 the
617 2973 701 3013 water.

96 3051 193 3100 'latus
203 3059 310 3113 apertam
320 3049 349 3107 is,
362 3048 405 3097 the
418 3048 590 3109 ‘unprotected
600 3048 663 3098 side’-
671 3063 699 3097 or
709 3045 790 3109 ‘wing
806 3047 835 3097 os
842 3048 884 3097 the
895 3063 991 3112 enemy.

96 3134 220 3183 ⁸Paolum
230 3137 303 3192 niodo,
319 3132 391 3193 ‘only
401 3150 416 3181 a
426 3133 506 3182 little!

96 3209 106 3238 '
117 3210 269 3260 contestatos
280 3210 338 3259 herc
349 3209 394 3258 has
405 3209 447 3257 the
458 3209 572 3269 meaning
582 3207 611 3257 of
621 3216 776 3272 comprecatur
787 3222 815 3256 or
825 3215 945 3271 precator.

95 3277 232 3342 ⁸Nsmely,
244 3282 311 3332 what
321 3282 354 3333 hc
364 3298 416 3333 was
427 3281 501 3359 going
510 3290 536 3330 to
547 3280 586 3332 do.
