2146 3704
466 115 559 156 urana
578 116 607 155 v.
858 98 865 148 t
942 102 999 162 139

71 230 177 296 partem
195 225 338 295 exercitus,
351 223 421 294 quod
440 225 529 295 paullo
546 226 639 279 aberat
659 223 839 295 longinquos
858 235 933 297 putat
950 246 997 282 ex·

69 293 263 417 ἔοοζαηάαφξ
283 293 389 365 equites
406 294 512 348 circiter
530 294 737 365 quadringentos
755 311 790 348 ex
809 297 937 366 proximis
956 297 996 352 hi·

90 376 161 416 vrnrs
173 372 254 431 cogit.

77 491 80 495 ,
101 439 147 486 rt.
166 434 238 485 Hora
249 433 354 486 circiter
371 433 449 486 tertia
460 434 496 488 ab
507 432 719 487 antecursoribus
731 430 765 486 de
778 434 866 486 Crassi
877 433 997 491 adventu

68 503 166 556 certior
178 501 272 572 factus,
286 519 319 556 eo
331 503 375 557 die
387 503 463 556 milia
471 518 599 572 passuum
607 501 702 570 viginti
711 503 883 573 progreditur.
920 505 996 558 Cras-

68 589 130 624 sum
149 572 360 639 Samarobrivae
378 573 500 642 praeficit
523 573 709 641 legionemque
731 573 756 624 ei
776 573 904 642 attribuit,
924 573 996 654 quod

67 640 104 694 ibi
116 641 313 711 impedimenta
326 643 467 712 exercitus,
477 641 586 696 obsides
597 642 742 712 civitatum,
753 642 854 695 litteras
864 643 996 712 pubhcas¹

66 708 287 781 frumentumque
299 729 387 779 omne,
400 712 471 780 quod
483 729 515 765 eo
531 711 684 764 tolerandae
692 713 790 764 hiemis
798 729 880 766 causa
895 712 995 766 devex-

67 788 131 850 erat,
153 780 328 851 relinquebat.
365 781 472 851 Fabius,
488 790 518 835 ut
538 782 701 850 imperatum
721 790 785 850 erat,
798 798 851 835 non
871 782 908 835 ita
925 781 993 836 mul-

67 856 125 903 tum
147 860 275 919 moratus,
299 851 327 903 in
350 851 445 904 itinere
469 867 532 904 cum
555 851 660 918 legione
683 851 805 903 occurrit.
848 851 968 906 Labiene

67 917 174 972 interitu
197 920 287 974 Sabini
315 929 343 973 et
361 919 446 973 caede
464 920 613 974 cohortium
626 921 740 990 cognita,
753 937 839 990 quum
851 938 945 974 omnes
957 870 993 976 ad

66 1003 129 1042 eum
149 989 319 1043 Trevirorum
337 991 429 1059 copiae
444 990 590 1059 venissent,
605 990 714 1042 veritus⁴
725 1007 768 1059 ne,
782 990 804 1042 si
822 1007 856 1042 ex
873 990 993 1044 hibernis

66 1056 147 1126 fugae
165 1058 283 1111 similem
303 1059 496 1128 profectionem
515 1059 632 1128 lecisset,
649 1058 766 1113 hostium
785 1058 917 1129 impetum
935 1077 992 1112 sus-

65 1126 150 1180 tinere
162 1144 213 1180 non
227 1139 323 1198 posset,
338 1130 495 1198 praesertim
513 1147 580 1199 quos
597 1129 698 1182 recenti
711 1129 822 1182 victoria
839 1129 928 1183 efferri
941 1129 991 1182 sci-

65 1204 111 1266 ret,
125 1196 227 1256 litteras
245 1198 353 1251 Caesari
373 1199 503 1268 remittit,⁶
515 1207 613 1268 quanto
634 1216 695 1252 cunr
716 1197 835 1268 periculo
855 1198 992 1267 legionem

64 1281 99 1319 ex
114 1265 234 1321 hibernis
251 1267 397 1320 educturus
409 1275 494 1320 esset:
513 1285 572 1320 rem
588 1277 693 1334 gestam
705 1268 733 1320 in
746 1267 915 1320 Eburonibus
932 1285 992 1336 per·

64 1335 170 1389 scribit:
189 1337 274 1406 docet,
288 1353 383 1390 omnes
401 1338 536 1406 equitatus
552 1335 741 1405 peditatusque
760 1335 852 1404 copias
870 1335 991 1388 Treviro·

64 1419 124 1458 rum
135 1407 185 1457 tria
196 1407 272 1459 milia
283 1423 413 1476 passuum
421 1408 509 1475 longe⁶
517 1406 551 1459 ab
561 1406 618 1458 suis
627 1406 721 1457 castris
733 1403 897 1457 consedisse.

96 1479 141 1528 48.
159 1476 265 1544 Caesar,
278 1475 387 1528 consilio
406 1475 466 1544 ejus
483 1474 600 1544 probato,
619 1473 670 1527 etsi
689 1473 811 1544 opinione
826 1473 908 1527 trium
925 1472 991 1542 legi-

62 1559 142 1598 onum
166 1544 308 1614 dejectus‚⁷
327 1545 361 1598 ad
382 1544 450 1597 duas
473 1543 595 1612 redierat,
617 1551 708 1597 tamen
731 1559 815 1595 uuum
839 1543 991 1596 communis

63 1613 156 1666 salutis
170 1614 300 1668 auxilium
312 1614 338 1666 in
350 1613 487 1666 celeritate
506 1613 631 1682 ponebat.
667 1612 747 1665 Venit
766 1612 873 1679 magnis
890 1611 990 1664 itineri-

62 1680 153 1736 busin
164 1683 323 1737 Nerviorum
336 1684 412 1736 fines.
448 1683 489 1735 Ibi
502 1700 535 1734 ex
547 1682 659 1761 captivis
676 1681 818 1750 cognoscit,
832 1699 902 1750 quae
916 1681 989 1750 apud

63 1751 221 1806 Ciceronem
243 1761 376 1822 gerantur,
400 1761 554 1822 quantoque
581 1769 608 1804 ru
631 1751 749 1822 periculo
773 1767 816 1803 res
839 1752 881 1804 sit.
918 1751 989 1806 Tum

62 1823 172 1888 cuidam
192 1840 226 1875 ex
247 1823 381 1891 equitibus
401 1822 485 1875 Gallis
504 1822 611 1891 magnis
630 1821 756 1891 praemiis
776 1821 927 1892 persuadet,
949 1821 989 1875 uti

61 1891 95 1944 ad
108 1893 266 1946 Ciceronem
279 1892 421 1962 epistolam
438 1891 550 1945 delerat.
587 1892 663 1945 Hanc
681 1891 791 1944 Graecis
810 1892 990 1961 conscriptam

61 1958 167 2015 litteris⁸
177 1962 266 2031 mittit,
280 1979 322 2031 ne,
336 1962 484 2032 intercepta
495 1960 615 2031 epistola,
628 1970 717 2015 nostra
734 1961 770 2014 ab
788 1960 909 2014 hostibus
926 1978 989 2014 con·

89 2133 98 2162 ¹
110 2131 193 2195 Cogit,·
212 2131 306 2188 thetis,
319 2132 395 2193 coegit
407 2146 434 2179 or
444 2131 544 2192 colligit,
560 2128 605 2176 ‘he
617 2126 769 2175 assembles.’

88 2206 156 2254 'See
168 2206 237 2264 chap.
249 2207 288 2262 24,
301 2215 359 2253 note
371 2207 392 2252 3.

89 2279 193 2337 ⁸These
208 2281 302 2328 litterae
314 2280 423 2341 publicae
439 2274 562 2325 consisted
576 2273 604 2322 ol
617 2274 658 2320 the
676 2279 792 2320 accounts
808 2271 837 2319 of
850 2271 892 2319 the
909 2288 986 2333 army,

63 2336 217 2398 despatches,
231 2348 334 2398 reports,
347 2337 394 2385 and
406 2337 448 2384 the
460 2335 518 2382 like.

89 2414 99 2444 ⁴
113 2413 212 2462 Veritus
223 2431 333 2462 rie-non
340 2420 429 2475 posset.
461 2410 516 2458 The
528 2418 578 2455 two
589 2421 619 2454 ne
638 2405 715 2453 atives
728 2423 758 2452 ne
770 2403 817 2472 and
833 2422 881 2452 oon
898 2405 923 2452 in
939 2404 989 2453 this

62 2483 177 2521 sentence
188 2473 319 2521 neutralise
331 2472 391 2520 each
406 2470 485 2526 other,
498 2468 545 2517 and
561 2482 602 2515 are
619 2477 629 2512 t
647 2464 739 2514 eresore
756 2464 895 2523 equivalent
912 2473 989 2512 tout.

63 2531 110 2581 See
122 2533 222 2592 Zumpt,
235 2533 291 2580 Lot.
304 2533 384 2580 Grom.
396 2531 410 2582 b
422 2533 474 2577 535.

90 2606 239 2654 ‘Remittere
249 2607 270 2654 is
284 2611 324 2654 ‘to
334 2604 395 2653 send
406 2605 431 2653 in
441 2602 544 2658 retum,’
557 2616 584 2648 or
596 2604 637 2647 ‘to
648 2597 716 2646 write
729 2597 839 2657 areply.’

90 2679 166 2730 ‘The
177 2681 245 2729 word
255 2684 326 2743 longe
336 2681 356 2728 is
367 2680 456 2728 almost
467 2677 620 2737 superfluous
631 2676 657 2724 in
672 2674 721 2722 this
737 2684 860 2732 sentence,
873 2675 917 2723 but
933 2674 952 2722 it
968 2673 989 2742 is

63 2740 141 2790 added
160 2741 196 2789 sor
212 2741 254 2789 the
272 2755 375 2800 purpose
393 2740 421 2788 os
437 2738 579 2799 expressing
596 2736 637 2784 the
654 2735 762 2784 distance
779 2735 804 2782 in
820 2751 851 2783 an
867 2734 990 2794 emphatic

63 2813 356 2937 mingziitionedejectus,
371 2871 501 2932 ‘deprived
513 2871 541 2919 ol
553 2870 591 2919 his
608 2869 671 2928 hope
680 2883 715 2937 'or
730 2875 842 2927 prospect
860 2865 888 2914 of
900 2865 990 2925 having

63 2932 132 2983 three
144 2934 256 2995 regions.’
289 2931 345 2982 The
356 2932 498 2994 expression
508 2930 661 2994 spedejoctus
679 2943 699 2975 rs
716 2942 784 2975 more
801 2939 914 2974 common
930 2923 990 2972 than

63 2996 173 3058 cpiarbne
182 2995 293 3054 dejectus.

92 3069 134 3117 ⁸It
146 3069 169 3117 is
178 3077 220 3116 not
232 3069 297 3117 clear
307 3067 418 3115 whether
428 3067 470 3114 the
486 3066 558 3113 letter
568 3079 619 3111 was
630 3061 729 3108 written
744 3059 769 3107 in
784 3059 825 3106 the
838 3057 921 3105 Greek
938 3057 988 3104 lan·

64 3144 153 3190 guage,
166 3144 193 3176 or
203 3129 228 3175 in
239 3128 313 3176 Latin
323 3127 371 3176 und
386 3126 445 3236 culp
455 3127 479 3173 in
491 3124 574 3172 Greek
585 3122 730 3177 characters,
743 3118 836 3180 though
847 3118 889 3166 the
900 3117 989 3166 sormer

66 3204 147 3238 seems
158 3202 224 3236 more
233 3186 350 3247 probable
363 3192 413 3240 tsce
447 3185 547 3246 olyaen.
557 3180 794 3246 Strateguiiu‘tttg
807 3188 891 3236 atam
899 3184 1001 3228 ratem
