2146 3704
59 230 119 293 2⁰0
365 251 406 294 na
427 251 525 293 nanno
543 251 679 292 οιιιιοο.

95 361 139 411 ttl.
156 358 256 431 Nostri,
268 376 353 440 qaum
364 360 483 430 undique
514 368 686 428 temerentur,
698 374 773 413 xnvr.
786 352 985 411 centurionibus

61 427 176 499 amissis,
185 427 284 499 dejecti
296 438 358 483 sunt
369 429 439 484 loco:
453 448 482 484 se
510 429 701 482 intolerantiusl
709 427 801 482 Gallos
812 425 988 496 insequentes

62 495 133 565 legio
145 515 173 552 x.
186 498 306 568 tardavit,
320 516 389 569 quae
402 516 448 570 pro
466 499 586 553 subsidio
603 497 692 568 paullo
709 495 836 567 aequiore
853 495 913 549 loco
924 510 985 568 oon·

62 565 175 621 stiterat.
199 569 275 622 Hanc
287 586 378 623 rursus
389 587 450 623 1111.
463 568 576 638 legionis
587 569 709 620 cohortes
720 565 905 635 exceperunt?
916 573 983 634 quat

62 652 98 690 ex
108 638 203 691 castris
214 637 361 691 minoribus
372 639 495 709 eductae,
508 654 573 691 cam
584 637 616 690 Τ.
628 635 716 690 Sentio
734 636 823 704 legato
840 632 933 687 locam
943 649 986 687 oe·

61 716 157 776 perant
168 707 342 777 superiorem.
379 708 518 776 Legiones,
532 706 578 760 nbi
597 706 715 775 primam
731 703 874 775 planitiem
891 702 986 772 attige·

62 785 130 844 runt
144 776 258 831 infestis'
268 785 359 829 contra
370 777 461 830 hostes
472 776 556 844 signis
567 775 749 828 constiterant.
784 772 864 826 Verc'
903 771 988 826 etorix

61 843 98 897 ab
118 845 252 898 radicibus
275 845 352 897 collis
371 863 434 899 suos
455 846 523 898 intra
543 844 705 898 munitiones
723 842 838 897 reduxit.
943 839 987 894 die

60 912 161 966 milites
172 922 233 966 sunt
244 914 334 983 paullo
345 914 435 968 minus
446 930 508 967 ecc.
521 913 674 967 desiderati.

95 986 138 1033 52.
157 983 265 1035 Postero
288 981 333 1035 die
357 983 462 1053 Caesar,
487 983 614 1042 concione
642 982 781 1050 advocata,
805 978 988 1034 temeritatem

58 1050 290 1121 cupiditatemque
309 1051 427 1107 militurn
446 1052 624 1123 reprehendit,
646 1052 716 1121 quod
737 1049 789 1104 sibi
808 1049 869 1119 ipsi‘
886 1047 987 1118 judica·

60 1119 170 1191 sissent,
183 1138 236 1191 quo
254 1121 462 1193 procedendum,
475 1131 522 1176 aut
540 1121 603 1191 quid
622 1121 760 1190 agendum
777 1119 914 1172 videretur
940 1133 985 1172 ne·

62 1202 114 1260 que
137 1190 213 1260 signo
237 1191 394 1261 recipiendi
412 1192 475 1245 dato
498 1190 686 1261 constitissent,
706 1206 796 1259 neque
818 1188 855 1242 ab
875 1157 988 1241 trihunis

60 1259 177 1312 militum
200 1259 351 1329 legatisque
375 1261 481 1313 retineri
495 1259 669 1381 potuissent:
696 1259 836 1328 exposito,⁰
853 1256 920 1326 quid
940 1255 987 1311 iai·

58 1327 147 1450 quitus
159 1327 213 1408 loci
223 1338 320 1398 posset,
330 1328 396 1398 quid
408 1329 416 1381 i
436 1347 465 1382 se
477 1347 494 1381 a
522 1329 667 1382 Avaricum
679 1328 815 1396 sensisset,
826 1343 920 1396 quarn,
930 1324 986 1379 sine

79 1413 129 1450 uce
147 1407 175 1451 et
193 1415 250 1451 sme
268 1398 390 1468 equitata
427 1397 582 1469 eprehensis
600 1393 728 1467 hostibus,
749 1396 915 1466 exploratam
932 1395 986 1448 vio-

59 1466 154 1520 toriam
170 1467 325 1539 dimisisset,
339 1485 373 1522 ne
392 1485 506 1538 parvum
523 1467 603 1520 modo
621 1467 814 1520 detrimentum
833 1465 861 1518 in
878 1473 985 1519 conten·

59 1535 130 1590 tione
148 1547 255 1607 prepter
272 1537 442 1608 iniquitatem
464 1537 515 1590 loci
539 1536 684 1589 accideret.
720 1536 825 1595 Quanto
843 1550 925 1604 opere
943 1549 985 1587 eo·

57 1619 118 1659 rum
141 1607 225 1660 animi
249 1608 462 1676 magnitudinem
481 1605 663 1675 admiraretur,
682 1621 749 1674 quos
766 1620 819 1658 non
839 1611 986 1657 castromm

57 1674 229 1745 munitiones,
250 1693 303 1729 non
323 1676 436 1730 altitudo
457 1677 563 1746 montis,
583 1690 635 1728 uon
655 1690 748 1728 murus
767 1672 858 1743 oppidi
882 1672 985 1726 tardare

55 1744 204 1865 potuissem
230 1754 302 1798 tanto
322 1762 402 1816 opere
425 1745 564 1798 licentiam
587 1744 818 1822 arrogantiamque
842 1741 984 1812 reprehen-

75 1829 91 1866 e

93 1830 129 1882 re,
142 1815 214 1883 quod
226 1814 287 1894 plus
299 1832 329 1868 se
341 1831 425 1884 quam
443 1815 631 1885 imperatorem
643 1813 678 1868 de
692 1813 801 1866 victoria
813 1819 896 1880 atque
909 1811 984 1865 exitu

55 1897 146 1935 rerum
164 1885 274 1936 sentire⁷
285 1885 484 1936 existimarent:
503 1901 555 1937 nec
573 1884 663 1936 minus
680 1899 710 1936 se
728 1881 756 1936 ia
773 1881 859 1935 milite
878 1880 983 1934 modes·

56 1949 133 2003 tiam⁸
144 1960 171 2002 et
192 1953 389 2023 continentiam,
411 1969 493 2021 quarn
506 1953 632 2005 virtutem
650 1961 731 2021 atque
749 1950 834 2005 animi
852 1949 981 2020 magnitu-

54 2016 147 2072 dinem
159 2018 321 2072 desiderare.

89 2091 132 2139 53.
152 2088 209 2140 Hac
232 2086 324 2140 habita
346 2087 473 2141 concione
497 2096 524 2141 et
547 2088 581 2141 ad
605 2097 757 2143 extremum
780 2090 898 2143 oratione
922 2105 981 2144 oon·

52 2155 167 2210 firmatis
184 2154 323 2226 militibus,
336 2175 371 2211 ne
383 2157 500 2211 obhanc
518 2175 630 2211 causam
648 2159 737 2212 animo
756 2167 980 2228 permoverentur,

53 2241 114 2296 neu,
134 2225 205 2297 qaod
223 2226 349 2297 iniquitas
366 2227 418 2281 loci
436 2227 578 2299 attulisset,
597 2227 624 2281 id
636 2227 728 2283 virtuti
746 2227 865 2283 hostium
883 2228 980 2282 tribue·

81 2377 90 2406 ¹
99 2376 272 2427 intolerantius
275 2395 286 2435 ,¹
299 2378 351 2426 that
360 2379 390 2435 is,
404 2378 498 2428 ‘rather
505 2379 538 2426 im
555 2378 689 2439 etuously,’
700 2381 831 2428 intolerans
840 2379 898 2429 here
907 2380 976 2443 heia(

51 2451 219 2498 synonymous
230 2437 291 2486 with
302 2439 425 2500 impotens,
441 2444 501 2486 ‘one
512 2395 569 2486 who
580 2448 667 2486 cannot
678 2439 772 2487 control
781 2438 898 2488 himself!

81 2510 222 2575 'Excipere
235 2516 274 2560 ‘to
284 2511 392 2560 relieve!

80 2583 200 2646 ¹Infestis
218 2585 299 2647 signia
318 2584 339 2633 is
358 2584 447 2633 almost
465 2584 508 2632 the
525 2599 593 2632 same
612 2600 639 2633 as
657 2585 776 2633 moereas
794 2585 884 2647 signia,
905 2584 978 2645 'they

51 2644 139 2692 tamed
149 2644 245 2705 against
255 2644 298 2692 the
309 2659 407 2705 enemy,
420 2643 468 2693 and
479 2644 549 2692 made
560 2660 575 2691 a
585 2643 673 2692 stand)

79 2715 151 2778 ‘lpas'
168 2718 189 2765 is
207 2717 250 2764 the
267 2717 425 2774 nominative,
449 2717 523 2777 ‘they
540 2716 691 2786 themselves
711 2715 802 2824 having
819 2717 895 2766 tehen
912 2733 930 2766 n
961 2732 977 2765 a

51 2773 202 2845 themselves
218 2785 244 2824 tc
256 2776 333 2882 qudge
344 2777 410 2845 what
422 2792 473 2825 was
492 2778 565 2825 tobe
582 2776 653 2834 done,
666 2775 786 2824 msteado
811 2775 909 2838 leaving
924 2786 934 2825 t
952 2785 975 2824 at

53 2833 184 2895 Judgment
195 2845 221 2882 to
231 2843 256 2882 ot
274 2848 322 2882 ers.

79 2906 250 2970 'Recipiendi5
268 2906 358 2966 supply
368 2909 410 2956 sai
419 2922 447 2956 or
456 2924 490 2956 se.

79 2982 222 3046 ‘Exposita
240 2995 271 3028 an
288 2979 394 3029 ablativa
411 2981 531 3038 absolute,
548 2981 624 3030 ‘aster
638 2981 669 3030 he
684 2980 733 3030 had
747 2980 894 3042 explained!
926 2981 972 3030 See

51 3043 150 3103 Zumpt,
164 3041 220 3091 Lct.
232 3039 323 3097 Gran,
336 3039 350 3091 i
361 3043 415 3089 647.

79 3116 161 3166 'Plus
172 3117 270 3172 sentire,
286 3119 326 3162 ‘to
337 3113 399 3162 have
410 3129 425 3161 a
435 3115 516 3162 better
526 3113 618 3174 insight
629 3130 657 3163 or
667 3113 830 3176 knowledge!

79 3189 227 3244 'Modestia
240 3188 266 3237 in
275 3188 317 3237 tho
334 3203 389 3238 case
401 3187 429 3237 os
440 3203 455 3236 a
465 3186 562 3243 soldier,
576 3187 596 3235 is
610 3187 776 3245 ‘obedience,'
788 3203 816 3237 or
828 3187 883 3237 ‘the
899 3186 970 3245 keep·

49 3244 93 3309 ing
102 3249 189 3297 within
199 3249 241 3297 the
252 3248 328 3296 limits
339 3248 368 3297 os
379 3248 421 3297 the
432 3247 515 3298 orders
526 3246 599 3311 given
608 3247 693 3308 bytho
704 3246 877 3298 commender!
899 3245 969 3296 Gom·

42 3320 105 3364 pare
114 3307 188 3368 Livy,
202 3307 306 3358 xxxviii.
317 3310 354 3356 at.
