2146 3704
453 117 545 158 tiana
565 118 606 161 vr.
936 104 994 165 147

66 219 226 291 ed'ungunt.
269 224 374 283 Quibus
397 226 477 280 rebus
500 227 618 297 cognitis,
640 227 744 297 Caesar,
764 245 850 298 quum
872 230 992 302 undique

66 240 170 372 bellum
188 295 275 363 parari
287 296 397 366 videret,
410 297 531 367 Nervios,
544 296 707 368 Aduatucos,
720 298 870 369 Menapios,
883 299 992 371 adjunc-

67 370 100 414 tis
112 363 281 416 ersrhenanis
298 366 421 420 omnibus
433 366 582 436 Germanis,
595 382 656 418 esse
674 366 701 420 in
718 367 808 438 armis,
822 367 939 422 Senones
956 368 992 423 ad

64 431 229 500 imperatum
248 451 300 486 non
311 436 404 489 venire
416 444 443 489 et
455 453 518 488 cnm
532 434 691 488 Carnutibus
708 436 882 506 finitimisque
900 437 991 491 civita-

64 501 139 554 tibus
151 502 262 555 consilia
274 505 479 575 communicare,
489 521 506 557 a
517 505 636 558 Treviris
647 505 796 558 Gennanos
807 505 909 559 crebris
920 506 992 576 lega·

65 570 185 624 tionibus
197 572 345 642 sollicitari;
360 574 492 627 maturius
503 573 555 626 sibi
565 573 600 626 de
612 573 683 627 bello
695 575 867 643 cogitandum
879 577 991 646 putavit.

100 645 125 692 3.
145 642 240 710 ltaque
253 642 370 696 nondum
382 644 472 696 hieme
484 642 616 712 confecta,
628 644 757 712 proximis
768 654 881 714 quatuor
893 645 993 699 coactis

64 709 223 780 legionibus,
249 712 284 764 de
307 712 449 782 improviso
472 714 499 766 in
522 713 591 766 fines
613 713 773 767 Nerviorum
796 713 940 783 contendit,
964 722 992 768 et

64 779 141 850 prius
152 797 235 849 quarn
254 781 293 833 illi
312 790 358 834 ant
377 783 518 835 convenire
538 791 584 836 aut
604 782 745 852 profugere
764 791 880 853 possent,
893 799 992 852 magno

64 849 263 920 pecorisatqne
275 850 415 903 hominnm
433 869 544 905 numero
563 860 641 921 capto
658 861 739 922 atque
759 870 793 906 ea
810 851 911 923 praeda
922 853 989 906 rnili-

65 917 138 972 tibns
155 934 283 972 concessa
300 921 466 991 vastatisque
483 921 560 990 agris,
574 922 602 974 in
619 920 783 976 deditionem
801 923 892 976 venire
909 931 992 992 atque

64 986 174 1041 obsides
192 988 242 1041 sibi
261 987 325 1042 daie
345 991 440 1058 coegit.
477 991 517 1043 Eo
537 990 658 1043 celeriter
670 991 791 1044 conlecto
809 992 924 1062 negotio,
934 1009 991 1053 nir·

66 1073 114 1119 sus
124 1057 151 1109 in
165 1056 276 1111 hiberna
289 1058 408 1127 legiones
420 1060 534 1113 reduxit.
571 1059 686 1113 Concilio
698 1060 803 1114 Galliae
821 1062 906 1130 primo
918 1077 990 1131 vere,

64 1126 105 1179 nti
127 1127 411 1199 institueratindioto,
431 1147 517 1199 quum
539 1129 635 1199 reliqui
658 1137 763 1198 praeter
785 1129 910 1210 Senones,
931 1130 993 1183 Car·

64 1203 145 1249 nutes
162 1197 338 1267 Trevirosque
351 1199 494 1269 venissent,
508 1199 615 1252 initium
632 1198 696 1254 belli
713 1215 747 1252 ac
764 1199 924 1252 delectionis
941 1198 992 1252 hoo

66 1281 127 1317 esse
151 1265 299 1336 arbitratus,
324 1276 354 1320 ut
383 1269 473 1320 omnia
501 1278 658 1338 postponere
682 1268 823 1338 videretur,
849 1268 993 1322 concilium

65 1333 203 1387 Lutetiam
218 1335 395 1391 Parisiornm¹
418 1337 550 1389 transfert.
587 1337 710 1389 Confines
733 1345 808 1389 erant
831 1336 860 1389 hi
883 1336 992 1389 Senoni-

65 1402 117 1458 bus
128 1403 319 1474 civitatemque
337 1414 444 1474 patrum
460 1405 592 1458 memoria
604 1405 796 1472 conjunxerant
803 1407 821 1472 3²
832 1404 881 1457 sed
893 1404 929 1457 ab
941 1405 993 1457 hoo

66 1473 185 1526 consiliol
196 1472 315 1526 abfuisse
334 1474 564 1527 existimabantur.
599 1474 658 1525 Hac
676 1490 703 1525 re
722 1490 769 1543 pro
786 1481 916 1542 suggestu
934 1489 992 1552 pro-

65 1542 198 1611 nunciata,
212 1542 309 1596 eodem
327 1543 371 1595 die
389 1561 452 1597 oum
468 1543 618 1611 legionibus
637 1543 664 1595 in
681 1541 800 1595 Senones
816 1541 993 1612 proficiscitur

65 1612 225 1680 magnisque
238 1611 376 1665 itineribus
388 1628 420 1665 eo
433 1613 563 1682 pervenit.

101 1687 127 1734 4.
147 1681 256 1749 Cognito
280 1681 340 1751 ejus
362 1681 487 1749 adventa,
506 1683 588 1751 Acco,
607 1681 654 1750 qui
670 1680 794 1750 princeps
812 1678 872 1749 ejus
890 1677 992 1732 consilii

66 1749 161 1820 luerat,
174 1749 249 1819 jubet
273 1751 299 1803 in
318 1751 416 1820 oppida
427 1751 626 1804 multitudinem
640 1750 797 1818 convenire3
816 1748 993 1821 conantibus,¹

67 1819 140 1889 prius
151 1836 234 1888 quam
253 1819 280 1873 id
301 1820 374 1872 effici
392 1830 491 1900 posset,
504 1820 601 1873 adesse
620 1821 754 1874 Romanos
771 1819 929 1888 nunciatur,
947 1835 994 1871 ne·

67 1891 184 1942 cessario
197 1889 330 1941 sententia
348 1890 481 1944 desistunt
499 1891 655 1959 legatosque
675 1888 838 1959 deprecandi
856 1905 940 1942 causa
957 1885 993 1940 ad

67 1958 212 2012 Caesarem
231 1959 355 2027 mittunt,
379 1959 480 2012 adeunt
498 1977 547 2029 per
565 1959 693 2029 Aeduos,⁶
712 1975 828 2028 quorum
846 1956 994 2027 antiquitus

67 2036 123 2081 erat
142 2026 242 2080 infide
261 2028 366 2080 civitas.
402 2028 528 2082 Libenter
540 2030 639 2082 Caesar
671 2028 805 2081 etentibus
822 2026 935 2081 Aeduis
947 2025 994 2078 dat

66 2097 175 2150 veniam
189 2097 444 2166 excusationemque
463 2098 560 2168 accipit
566 2115 574 2166 3
593 2047 669 2166 quod
682 2097 817 2149 aestivum
830 2106 937 2166 tempus
955 2093 995 2146 in·

68 2167 163 2219 stantis
186 2164 259 2235 belli,
280 2183 334 2218 non
357 2166 522 2235 quaestionis
545 2183 605 2218 esse
628 2165 813 2218 arbitrabatur.
849 2163 995 2218 Obsidibus

67 2235 206 2306 imperatis
224 2243 342 2305 centum,
361 2235 418 2289 hos⁷
437 2235 541 2290 Aeduis
558 2233 748 2288 custodiendos
765 2232 852 2284 tradit.
889 2232 996 2286 Eodem

96 2393 212 2442 ¹Lutetio
223 2393 376 2442 Parisiorum
386 2393 407 2440 is
418 2392 460 2440 tlre
477 2391 578 2440 modern
588 2390 639 2450 city
649 2389 767 2437 0t0Parts.
799 2386 822 2435 It
833 2402 885 2435 was
900 2396 925 2434 at
941 2385 995 2434 thet

67 2452 126 2502 time
137 2468 152 2500 a
163 2452 235 2501 small
246 2463 321 2509 town,
334 2451 440 2500 situated
451 2466 482 2498 on
493 2466 524 2498 an
534 2449 613 2497 island
629 2448 654 2495 in
669 2446 711 2495 the
722 2447 786 2494 river
796 2445 879 2501 Scine,
892 2444 942 2492 and
952 2444 995 2511 dtd

67 2520 109 2582 not
128 2512 225 2571 acquire
244 2527 292 2573 any
302 2520 371 2572 great
390 2511 538 2570 importance
556 2506 619 2556 until
636 2507 678 2555 the
695 2506 753 2554 time
769 2503 798 2552 of
812 2504 854 2552 the
871 2501 994 2552 Frankish

67 2569 197 2704 hlllslrey,
205 2644 246 2692 the
256 2643 352 2700 Parisii,
363 2643 411 2691 had
422 2641 506 2690 united
515 2640 578 2689 their
586 2647 649 2688 state
658 2637 720 2690 with
725 2637 778 2686 thet
787 2635 816 2698 oi
822 2635 864 2684 the
873 2634 992 2684 Senones.

96 2717 251 2766 'Consilium
267 2717 324 2764 here
343 2717 364 2764 is
382 2717 424 2764 the
443 2715 494 2774 plot
510 2729 538 2763 or
553 2713 695 2773 conspiracy
710 2709 804 2760 formed
818 2723 907 2771 among
923 2723 993 2758 some

64 2775 148 2825 -Gallic
159 2778 234 2825 tribes
246 2777 340 2836 against
352 2776 393 2823 the
406 2776 523 2823 Romans.

95 2852 106 2881 ⁴
116 2850 263 2899 Conantibus
266 2867 277 2906 ;
295 2849 384 2909 supply
393 2849 525 2897 convenire.

96 2923 182 2970 tThat
194 2923 224 2977 is,
237 2923 279 2969 the
290 2922 373 2970 Aedui
383 2937 448 2969 were
459 2918 583 2980 prevailed
598 2933 664 2978 upon
674 2926 700 2966 to
710 2915 823 2964 interfere
834 2929 866 2962 cn
876 2912 939 2961 their
949 2913 991 2960 be·

67 2979 121 3031 bell
128 2982 189 3030 with
202 2982 301 3030 Caesar.

96 3054 255 3102 'Potentibus
265 3054 357 3101 Aeduis
369 3053 390 3102 is
401 3053 442 3101 the
454 3052 558 3102 ablativo
570 3048 690 3105 absolute,
701 3044 844 3107 expressing
853 3057 934 3101 cause,
945 3041 993 3092 and

67 3121 109 3161 not
120 3113 161 3161 the
173 3113 262 3162 dative.
974 3159 986 3203 ι

96 3185 163 3235 'See
174 3184 209 3234 iii.
220 3185 257 3242 14,
269 3190 327 3232 note
337 3185 361 3233 7.
