2146 3704
466 119 558 160 nmen
578 119 606 160 v.
942 99 999 159 127

73 228 207 286 militibus
224 226 257 287 Q.
275 226 409 281 Titurium
427 228 555 283 Sabinum
574 235 602 282 et
619 228 650 283 L.
662 226 874 282 Aurunculeium
893 227 999 282 Cottam

73 300 177 368 legatos
195 313 319 367 praeesse
336 296 423 367 jussit.
459 298 502 351 Ad
521 299 594 352 hunc
616 298 729 352 modum
751 297 900 350 distributis
916 297 998 365 legio-

73 369 162 436 nibus,
182 366 312 421 lacillime
324 366 428 436 inopiae
441 367 631 420 frumentariae
639 384 699 421 sese
706 366 810 420 mederi
853 367 998 437 ssegexisti·

73 438 176 494 mavit:
194 446 276 506 atque
288 436 384 489 harum
396 445 488 490 tamen
505 438 627 490 omniurn
638 437 774 506 legionum
785 435 813 490 hi
851 452 898 488 rna
911 437 999 515 (prae-

73 517 116 562 ter
133 524 204 574 eam,
224 523 307 575 quam
325 506 356 558 L.
374 506 469 559 Roscio
488 507 516 560 in
533 507 732 576 pacatissimam
757 513 784 559 et
801 505 999 575 quietissimam

110 585 179 629 rtem
197 575 349 629 ducendam
361 575 485 646 dederat)
496 576 607 630 milibus
618 593 748 647 passuum
759 584 869 629 centum
881 576 999 628 contine·

128 655 179 698 tur.
215 645 277 716 lpse
296 646 405 725 interea,
425 647 513 714 quoad
531 646 650 715 legiones
672 647 816 699 collocatas
838 646 999 715 munitaque

74 717 189 770 hiberna
200 715 386 783 cognovisset,¹
398 732 425 767 rn
437 715 525 768 Gallia
535 717 633 768 morari
645 716 789 769 constituit.

110 789 153 837 25.
172 785 237 837 Erat
249 783 277 834 in
288 783 449 836 Carnutibus
467 801 572 838 summo
590 785 658 838 loco²
668 794 747 839 natus
759 785 908 854 Tasgetius,
921 783 1000 854 cujus

74 853 191 923 majores
208 853 236 904 in
254 868 302 903 sua
320 852 429 905 civitate
453 869 566 922 regnum
588 854 767 909 obtinuerant.
803 855 873 908 Huic
891 856 997 924 Caesar,

31 933 33 936 ‘
94 940 122 976 ro
141 920 201 992 ejus
218 922 314 973 virtute
334 929 416 989 atque
436 921 462 975 in
483 940 512 976 se
529 923 723 990 benevolentia,
742 923 813 992 quod
830 925 856 977 in
875 925 999 978 omnibus

111 991 156 1043 llis
167 989 293 1057 singulari
306 989 365 1068 ejus
382 1005 463 1060 opera
475 992 562 1045 fuerat
580 1009 652 1062 usus,
666 992 798 1062 majorum
816 993 906 1046 locum
923 995 1000 1046 resti-

74 1068 171 1114 tuerat.
208 1059 331 1112 Tsrtium
346 1076 402 1128 jam
416 1061 488 1115 hunc
504 1078 606 1114 annum
619 1071 774 1129 regnantem
787 1062 886 1116 inimici
899 1063 998 1133 palam,

74 1129 168 1183 multis
185 1128 267 1180 etiarn
280 1145 315 1181 ex
326 1128 435 1182 civitate
453 1130 613 1200 auctoribus,
627 1130 701 1185 eum'
711 1131 911 1186 interfecerunt.
947 1134 998 1186 De·

74 1198 158 1252 fertur
170 1214 204 1250 ea
222 1214 264 1250 res
275 1196 310 1250 ad
322 1198 476 1251 Caesarem.
511 1200 560 1252 Ille
572 1202 679 1269 veritus,
693 1200 763 1269 quod
781 1203 816 1254 ad
834 1202 924 1270 plures
941 1219 999 1272 per·

74 1267 196 1337 tinebat,‘
207 1284 241 1320 ne
254 1267 349 1320 civitas
360 1281 454 1319 eorum
466 1269 584 1335 impulsu
595 1268 721 1322 deficeret
743 1271 773 1322 L.
787 1270 916 1323 Plancum
935 1288 999 1324 curn

74 1336 179 1406 legione
192 1353 226 1390 ex
238 1336 329 1404 Belgio
347 1334 469 1390 celeriter
481 1337 509 1387 in
520 1338 649 1389 Carnutes
667 1308 796 1405 prollclsci
812 1339 889 1408 jubet
907 1339 999 1407 ibique

74 1405 213 1474 hiemare3
237 1421 404 1475 quorumque
428 1421 508 1475 opera
531 1405 682 1472 cognoverit
699 1407 856 1474 Tasgetium
874 1407 998 1460 interlec-

68 1483 140 1546 tum,
153 1474 203 1527 hos
220 1474 428 1543 comprehensos
444 1475 479 1528 nd
498 1491 528 1526 se
547 1474 662 1528 mittere.
698 1474 809 1528 Interim
827 1475 862 1529 ab
874 1477 1000 1530 omnibus

73 1543 170 1613 legatis
193 1541 440 1615 quaestoribusque,
465 1543 565 1613 quibus
588 1543 707 1611 legiones
727 1545 879 1614 tradiderat,
904 1548 1000 1599 certior

73 1613 162 1667 lactus
185 1621 234 1684 est,
260 1613 287 1666 in
310 1612 423 1666 hiberna
445 1621 605 1684 perventum
628 1612 771 1684 locumque
794 1613 921 1667 hibemis‘
938 1632 999 1676 esse

73 1683 217 1737 munitum.

109 1757 152 1805 26.
171 1752 274 1805 Diebus
297 1751 402 1804 circiter
425 1770 480 1822 xv,
506 1752 603 1822 quibus
627 1753 654 1806 in
677 1751 789 1806 hiberna
812 1761 924 1807 ventum
948 1763 997 1824 est,

74 1821 181 1875 initium
199 1821 329 1891 repentini
349 1823 479 1876 tumultus
496 1840 529 1875 ac
546 1822 706 1876 desectionis
724 1831 811 1876 ortum
829 1832 871 1876 est
887 1824 923 1877 ab
935 1826 999 1877 Am·

74 1889 175 1959 biorige
194 1898 221 1943 et
240 1890 389 1943 Cativolco:
415 1892 461 1961 qui
484 1909 569 1962 quum
593 1894 628 1947 ad
651 1893 720 1946 fines
743 1893 818 1962 regni
842 1894 883 1946 sui
903 1893 1000 1947 Sabino

74 1961 222 2028 Cottaeque
245 1968 350 2029 praesto
370 1960 482 2014 fuissent
503 1961 722 2031 frumentumque
742 1963 770 2016 in
789 1963 901 2017 hiberna
928 1980 999 2016 com-

74 2030 261 2099 portavisscnt,
280 2028 453 2082 Indutiomari
471 2031 574 2084 Treviri
591 2031 698 2085 nunciis
716 2032 832 2102 impulsi,
852 2049 915 2086 suos
937 2049 998 2085 cun·

75 2099 231 2168 citaverunt,
256 2098 398 2166 subitoque
427 2100 561 2167 oppressis
589 2100 769 2168 lignatoribus,
794 2119 893 2169 magna
916 2119 999 2155 manu

74 2176 163 2221 metra
185 2176 369 2236 oppugnatum
387 2176 526 2220 venerunt.
563 2169 653 2226 Quum
677 2169 800 2223 celeriter
818 2172 900 2223 nostri
923 2189 1000 2224 arma

74 2238 210 2307 cepissent
221 2236 377 2306 vallumque
395 2236 606 2307 adscendissent,
620 2247 647 2291 at
667 2255 710 2306 ue,
724 2256 777 2291 una
795 2255 830 2291 ex
848 2249 922 2309 parte
940 2242 999 2294 His·

74 2309 151 2376 panis
169 2305 304 2375 equitibus
322 2307 437 2375 emissis,
457 2309 574 2374 equestri
591 2256 691 2375 proelio
710 2309 858 2376 superiores
876 2308 998 2378 fuissent,

74 2376 216 2447 desperata
227 2392 264 2446 re,
283 2375 374 2428 hostes
385 2375 419 2428 ab
431 2376 625 2444 oppugnatione
643 2391 705 2428 suos
722 2376 891 2429 reduxerunt.
927 2377 1000 2432 Tlnn

103 2590 111 2618 ¹
123 2588 209 2636 ‘Until
220 2587 250 2635 he
262 2585 349 2635 should
360 2587 422 2635 have
434 2586 510 2634 learnt
525 2585 577 2633 that
593 2585 634 2633 the
646 2584 733 2634 winter
743 2595 852 2645 quarters
863 2601 928 2634 were
943 2601 997 2647 pro·

74 2647 143 2708 perly
154 2647 303 2695 established
315 2646 362 2695 and
373 2645 494 2694 sortified!

103 2720 218 2768 'Summo
226 2721 285 2776 loca·
298 2719 351 2767 that
361 2720 390 2776 is,
399 2737 487 2788 summo
493 2737 587 2781 genere,
597 2719 625 2767 ol
631 2735 646 2768 a
653 2719 778 2788 veryhigh
787 2735 817 2788 or
823 2719 895 2768 noble
905 2718 997 2779 family.

75 2777 160 2827 Hence
172 2781 236 2827 locus
247 2779 268 2826 is
279 2778 331 2826 also
342 2779 403 2826 used
414 2795 437 2826 rn
448 2779 490 2826 the
501 2795 572 2826 sense
584 2779 613 2827 of
618 2779 680 2827 rank
690 2795 717 2827 or
727 2779 829 2840 drgnrty.
911 2809 913 2812 -
971 2788 973 2792 ’

104 2854 113 2882 ⁸
122 2852 185 2900 Eum
192 2851 267 2900 refers
275 2863 300 2900 to
306 2852 447 2912 Tasgetius,
455 2854 502 2900 und
509 2852 550 2901 the
556 2851 858 2912 precedingluncbelongs
864 2861 997 2909 tonarium·

76 2910 169 2974 though
176 2911 244 2959 there
252 2911 272 2958 is
279 2928 293 2960 a
300 2921 349 2959 sort
358 2911 386 2959 ol
393 2913 517 2971 pleonasm
527 2913 551 2959 in
560 2911 601 2958 the
610 2912 773 2959 combination
782 2910 810 2958 of
816 2915 877 2957 hunc
885 2910 932 2958 and
937 2912 998 2971 jum.

104 2983 189 3031 ⁴That
207 2985 237 3039 is,
250 2984 291 3031 the
308 2994 396 3032 mutter
406 3001 458 3033 was
475 3001 520 3033 one
537 2985 590 3032 that
607 2984 741 3032 concerned
752 2998 818 3031 more
829 2998 929 3041 persons
941 2984 1000 3036 than

76 3054 137 3100 une;
155 3058 229 3103 many
240 3059 304 3091 were
315 3045 449 3092 concerned
460 3045 485 3092 in
496 3045 521 3092 it.

105 3117 241 3164 ‘Hiltensis
252 3117 273 3164 is
284 3117 325 3164 the
337 3116 426 3173 dative,
439 3118 555 3177 denoting
571 3116 613 3164 the
631 3115 711 3174 object
730 3115 766 3164 lor
776 3114 856 3163 which
874 3116 915 3164 the
932 3117 1000 3177 place

80 3190 129 3224 was
139 3175 259 3223 destined.
292 3175 412 3235 Compare
423 3177 464 3224 vii.
478 3181 514 3224 1⁵.
