2146 3704
451 115 545 157 mesu
559 115 592 163 y.
757 89 764 97 ⁵
939 100 998 165 128

68 220 269 282 contenderent.
305 222 445 291 Emestris
463 234 556 277 autem
568 223 661 293 proelii
674 225 740 278 ratio
752 233 780 278 et
791 224 951 280 cedentibus
968 234 1003 280 etv

67 290 273 362 insequentibus
290 307 337 360 par
353 299 435 361 etque
454 292 529 346 idem
553 293 703 363 periculum
724 293 864 348 inserebat.
908 297 996 364 ,loce-

68 360 147 414 debat
172 359 235 426 huc,
256 368 285 412 ut
308 377 446 429 nunquam
465 361 584 431 conferti,
604 362 652 416 sed
671 363 722 416 rari
739 363 898 433 magnisque
916 365 1001 428 inter-2

194 430 355 483 oeliarentur
374 432 557 500 stationesque
581 431 724 512 dispositas
747 432 895 502 heberent,¹
913 444 995 504 atque

67 431 144 484 vallis
183 447 194 482 r

66 500 132 554 elios
152 448 199 552 dii
219 498 347 569 deinceps
368 500 522 571 exciperent
542 501 692 572 integrique
712 511 739 556 et
758 510 881 557 recentes
895 502 996 568 defati-

66 569 134 640 gatis
146 568 332 622 succederent.
972 629 983 633 ..

102 644 144 693 17.
164 637 274 693 Postero
292 637 335 690 die
355 638 445 707 procul
465 655 482 690 a
501 640 596 693 castris
615 643 704 694 hostes
722 641 750 696 in
768 640 883 695 collibus
900 641 1003 694 consti·-

67 717 155 763 terunt
174 707 280 777 rarique
299 725 329 760 se
353 707 493 760 ostendere
512 717 540 761 et
559 709 653 781 lenius,
675 728 758 781 quarn
780 710 873 781 pridie,
893 719 997 765 nostros

67 779 172 849 equites
195 776 294 846 proelio
327 777 460 830 lacessere
483 788 637 848 coeperunt.
682 781 735 834 Sed
764 780 885 850 meridie,
910 797 996 850 quum

67 847 165 901 Caesar
188 845 335 916 pabulandi
359 863 442 898 causa
465 854 519 900 tres
542 848 661 916 legiones
683 859 764 921 atque
788 867 897 904 ornnem
921 849 996 902 cui·

67 924 152 970 tetum
170 933 233 969 curn
252 916 282 969 C.
296 914 427 968 Trebonio
446 914 472 967 le
508 926 534 968 to
552 918 678 989 misisset,
692 929 802 989 repente
820 937 855 973 cx
871 866 996 973 omnibm

66 985 186 1056 partibus
203 984 238 1038 ad
256 983 427 1054 pabulatores
451 1003 467 1037 a
488 985 650 1057 volaverunt,
669 988 715 1057 sic,
735 989 773 1042 uti
798 988 833 1041 ab
856 989 940 1058 signis
957 988 1003 1052 ta,

66 1054 253 1177 pionibusque²
268 1070 321 1108 non
340 1055 509 1108 absisterent.
545 1057 643 1126 Nostri,
662 1058 762 1116 acriter,
777 1057 805 1110 in
825 1075 872 1110 eos
891 1059 995 1127 impetu

76 1133 143 1194 acto,
158 1123 312 1193 repulerunt
330 1140 418 1192 neque
435 1123 519 1178 finem
537 1125 669 1195 sequendi
682 1126 811 1196 lecerunt,
825 1127 913 1197 quoad
932 1125 995 1180 sub·

68 1193 134 1247 sidio
152 1192 246 1246 confisi
271 1192 383 1262 equites,
403 1210 487 1262 quum
510 1206 570 1264 post
588 1213 617 1248 se
635 1195 754 1265 legiones
771 1197 900 1266 viderent,
939 1212 995 1248 rae·

67 1262 162 1333 cipites
179 1261 271 1316 hostes
288 1270 416 1330 egerunt:
434 1280 586 1332 magnoque
605 1281 699 1318 eorum
716 1282 827 1319 numero
845 1213 994 1334 interdicto,

67 1349 155 1403 neque
173 1331 216 1385 sui
234 1330 386 1400 colligendi,
400 1346 488 1400 neque
506 1332 668 1385 consistendi
685 1342 732 1386 aut
750 1350 785 1386 ex
803 1335 908 1386 essedis
924 1332 995 1385 desi·

67 1401 149 1455 liendi
174 1400 330 1454 facultatem
354 1400 494 1452 dederunt.
540 1401 591 1453 Ex'
613 1400 665 1454 hac
689 1401 753 1470 luga
775 1403 902 1471 protinus,
924 1417 995 1470 quae

67 1471 186 1541 undique
210 1478 396 1538 convenerant,
421 1469 521 1522 auxilia
544 1469 740 1524 discesserunt:
772 1487 860 1540 neque
882 1478 943 1540 post
966 1468 995 1523 id

67 1549 176 1610 tempus
195 1557 325 1609 umquam
343 1539 458 1592 summis
474 1539 615 1592 nobiscum
632 1540 725 1610 copiis*
742 1540 834 1594 hostes
852 1538 996 1593 contende·

67 1621 136 1664 runt.

103 1684 144 1733 18.
165 1680 270 1748 Cacsar,
284 1678 389 1747 cognito
407 1677 516 1731 consilio
535 1695 635 1748 eorum,
649 1678 683 1731 ad
702 1678 803 1732 flumen
822 1677 949 1731 Tamesin
966 1677 995 1732 in

67 1749 134 1802 fines
155 1748 348 1802 Cassivellauni
368 1748 518 1801 exercitum
536 1747 627 1817 duxit,
653 1749 723 1818 quod
743 1748 846 1801 flumen
866 1764 918 1801 uno
938 1763 984 1802 om

67 1819 127 1872 nino
140 1818 199 1871 loco
211 1818 334 1888 pedibus,
347 1827 428 1886 atque
440 1817 491 1871 hoc
503 1835 592 1888 aegre,
606 1818 711 1872 transiri
722 1820 828 1888 potest!
858 1818 897 1872 Eo
909 1835 995 1888 quum

68 1887 193 1958 uenisset,
206 1888 329 1941 animum
340 1887 462 1958 advertit,
475 1888 509 1940 ad
522 1888 635 1942 alteram
647 1889 766 1942 fluminis
778 1888 864 1959 ripam
882 1904 996 1957 magnas

67 1975 126 2011 esse
146 1958 237 2028 copias
255 1957 372 2010 hostium
385 1957 541 2011 instructas:
561 1959 618 2028 ripa
635 1967 728 2013 autern
746 1967 802 2010 erat
820 1959 906 2011 acutis
924 1957 997 2020 sudi·⁴

67 2027 117 2081 bus
136 2027 263 2098 praefixis
281 2028 394 2096 munita,
408 2027 587 2097 ejusdemque
605 2029 712 2096 generis
731 2027 781 2080 sub
800 2044 870 2097 aqua
888 2026 995 2079 defixae

67 2097 149 2150 sudes
160 2097 272 2150 flumine
285 2097 451 2165 tegebantur.
488 2096 538 2148 His
555 2097 635 2150 rebus
652 2113 683 2148 co
721 2097 765 2148 itis
776 2113 793 2148 a
804 2097 920 2175 captivis
936 2112 995 2165 per·

67 2165 200 2236 iugisque,
214 2167 319 2236 Caesar,
333 2165 481 2236 praemisso
493 2165 622 2235 equitatu,
635 2182 684 2218 con
698 2165 778 2216 estim
796 2163 915 2232 legrones
933 2164 995 2219 sub-

68 2237 145 2306 sequi
156 2235 243 2305 jussit.
273 2235 325 2289 Sed
338 2253 372 2288 ea
383 2234 521 2288 celeritate
533 2243 614 2304 atque
627 2250 659 2287 eo
672 2235 774 2303 impetn
787 2234 887 2286 milites
898 2233 994 2304 ierunt,

96 2418 252 2481 ¹Dispositas
263 2422 385 2474 luberent5
404 2417 456 2464 that
473 2417 502 2473 is,
515 2415 637 2464 stationed
647 2416 672 2463 in
682 2414 794 2463 different
810 2415 892 2474 pleoes
907 2415 955 2464 end
970 2424 995 2465 ut

68 2479 159 2526 certain
170 2479 294 2526 intervals.

96 2564 171 2612 ’The
182 2567 255 2633 signu
266 2565 312 2612 and
324 2565 430 2626 legiones
442 2578 482 2610 are
494 2562 551 2610 here
563 2561 605 2609 the
614 2561 707 2668 lefiions
716 2559 776 2608 with
788 2560 850 2608 their
857 2560 993 2629 standerds,

68 2621 152 2671 drawn
163 2640 195 2682 up
207 2640 232 2671 m
242 2623 425 2730 repularorder,
435 2638 461 2670 us
472 2621 580 2690 opposed
591 2630 634 2669 tot
653 2637 667 2669 e
678 2620 800 2669 scettered
808 2620 906 2682 cevnlry
914 2620 996 2670 which

68 2681 116 2731 hed
127 2698 190 2743 gone
202 2699 234 2730 on
245 2699 259 2731 a
279 2699 379 2743 orngmg
390 2697 526 2730 excursion.

96 2768 156 2817 'Ea
175 2770 292 2838 signifies,
315 2770 354 2818 ‘in
375 2783 544 2836 consequence
566 2767 614 2825 ol3’
637 2767 715 2817 hence
734 2766 794 2827 uiso,
813 2767 996 2828 ‘immediately

69 2828 149 2885 sltcr‚’
164 2829 244 2892 whrcb
256 2830 276 2877 is
288 2829 344 2877 hore
356 2828 446 2889 clearly
458 2827 579 2875 indicated
590 2829 622 2886 by
630 2829 750 2890 protinus.

98 2914 221 2962 ‘Summis
239 2917 311 2977 copiis
330 2916 351 2963 is
370 2915 411 2962 the
431 2930 498 2962 seme
518 2930 545 2962 es
563 2916 668 2962 omuibus
683 2915 756 2976 copiis
767 2929 794 2962 or
804 2913 868 2961 omni
883 2911 994 2967 secudu,

72 2973 147 3021 ‘with
159 2974 191 3022 all
202 2974 265 3022 their
276 2975 371 3023 forces!
405 2975 452 3021 See
463 2974 504 3022 vii.
516 2977 555 3021 41.

99 3062 175 3111 ‘The
194 3062 262 3122 place
278 3063 360 3111 where
378 3063 470 3111 Caesar
485 3063 532 3110 and
550 3060 589 3110 his
607 3076 676 3124 army
687 3059 770 3109 forded
788 3059 831 3108 the
847 3058 958 3108 Thumes
976 3074 997 3108 rs

72 3121 212 3182 commonly
223 3121 336 3171 believed
346 3130 372 3169 to
382 3124 413 3170 be
424 3131 448 3169 at
461 3121 555 3180 Cowey
567 3120 666 3177 Stakes,
679 3134 737 3169 neor
749 3118 878 3177 Outslnnd,
891 3117 939 3169 und
954 3127 997 3169 not

72 3180 108 3230 ier
118 3181 181 3230 lronr
192 3180 233 3230 tho
244 3182 386 3231 confluencc
397 3181 426 3229 of
437 3179 479 3229 the
490 3181 565 3240 Wey.
988 3202 990 3208 ¹
