2146 3704
38 228 81 299 94
101 230 105 237 ’
346 252 393 339 ”2
409 253 508 297 sente
525 252 663 297 samoe.

74 368 101 418 4.
120 363 152 418 ln
163 361 262 417 eadem
273 350 480 435 canstdt'uemnt
488 363 615 432 Usipetes
626 370 655 416 et
665 360 800 432 Tencteri,
809 379 878 434 quos
889 379 971 434 snpra

39 433 168 504 diximus,
188 434 233 504 qui
255 432 512 503 complureeaunos
528 433 677 487 Suevorurn
696 433 759 486 virn·
773 433 971 505 sustinuerunt3

40 502 76 558 ad
88 512 241 557 extremum
257 510 349 556 tamen
361 502 434 571 agris
450 502 556 572 expulsi
573 511 601 556 et
617 502 712 557 multis
728 502 796 556 locis
807 503 971 557 Germaniae

40 574 186 627 triennium
208 573 299 642 vagati
321 572 357 627 ad
380 573 506 627 Rhenum
532 580 728 644 pervenerunt3
755 589 825 642 quas
847 572 973 642 regiones

41 643 164 713 Menapii
190 643 343 697 incolebant
365 650 394 697 et
415 642 451 696 ad
475 651 617 713 utramque
636 643 724 712 ripam
746 641 868 696 fluminis
884 659 972 711 agros,

41 712 166 767 aedificia
182 715 311 783 vicosque
329 712 484 783 habebant3
505 713 556 767 sed
578 721 669 766 tantae
692 711 875 766 multitudinis
896 711 974 765 aditu

42 785 173 855 perterriti
195 800 231 837 ex
257 783 300 837 his
325 782 462 852 aedificiis,
486 799 558 853 quae
581 790 655 837 trans
680 782 783 836 flumen
812 781 974 853 habuerant,
1042 790 1045 797 '

42 853 261 923 demigraverunt
276 861 304 905 et
321 853 360 905 eis
371 852 496 907 Rhenum
514 853 649 923 dispositis
664 852 806 924 praesidiis
823 853 976 907 Germanos

42 924 155 976 transire
178 921 364 993 prohibebant.
411 922 460 992 llli,
487 925 580 977 omnia
604 923 707 993 experti
742 939 806 977 cum
831 939 921 993 neque
945 921 974 974 vi

42 992 204 1047 contendere
216 1001 323 1061 propter
335 992 454 1062 inopiam
466 992 577 1047 nemum
589 1010 678 1062 neque
690 961 763 1046 ciam
773 991 885 1046 transire
893 1000 974 1062 'prop-

43 1069 85 1116 ter
94 1060 231 1116 custodias
242 1062 432 1131 Menapiorum
443 1070 560 1143 possent²
573 1063 671 1118 reverti
682 1079 713 1116 se
725 1063 752 1117 in
765 1079 829 1116 suas
840 1060 974 1116 sedeate·

41 1131 191 1202 gionesque
210 1131 413 1202 simulaverunt,
431 1141 460 1186 et
479 1132 560 1187 tridui
576 1132 650 1186 viam
669 1133 802 1202 progressi
821 1149 915 1187 rursus
929 1148 976 1186 re·

41 1209 179 1256 verterunt
190 1210 273 1272 atque
283 1204 357 1255 omui
370 1201 422 1256 hoe
438 1203 535 1256 itinere
547 1218 601 1256 una
618 1212 698 1256 nocte
709 1203 832 1272 equitatu
850 1201 975 1257 coniecto

43 1271 143 1326 inscios
166 1272 209 1324 ino
231 1274 389 1341 inantesqne
408 1272 552 1342 Menapios
570 1281 767 1343 oppressemnt,
787 1272 835 1353 qui
852 1271 888 1325 de
908 1273 976 1326 Ger·

41 1356 184 1395 manorum
201 1288 323 1395 (incessu
334 1357 383 1411 per
400 1342 580 1411 exploratores
596 1342 724 1396 certiores
740 1342 805 1396 iactr
821 1341 881 1396 sine
898 1351 976 1396 metu

42 1418 117 1467 trans
133 1412 260 1466 Rhenum
275 1411 305 1466 in
324 1428 388 1466 suos
406 1412 480 1466 vicos
499 1411 718 1481 remigraverant.
759 1413 808 1467 His
826 1411 976 1467 interfectis

43 1481 213 1552 naribusque
225 1498 320 1536 eornm
330 1482 477 1553 occupatis,
486 1482 644 1553 priusquam
656 1498 690 1536 ea
700 1498 764 1552 pars
774 1482 974 1554 Menapiorum,

41 1566 113 1677 m
124 1554 194 1606 citra
204 1551 331 1606 Rhenum
342 1553 435 1623 quieta
451 1554 480 1607 in
496 1551 555 1607 suis
572 1551 683 1607 sedibus
700 1560 765 1622 erat,
778 1552 876 1606 certior
886 1552 973 1623 fieret,

110 1638 145 1676 en
157 1623 320 1676 transierunt
336 1631 420 1692 atque
436 1621 562 1677 omnibus
579 1639 672 1676 eorum
685 1621 818 1677 aedificiis
835 1621 976 1694 occupatis

42 1690 175 1762 reliquam
186 1701 293 1764 partem
304 1691 403 1746 hiemis
414 1709 444 1746 se
457 1709 551 1747 eornm
562 1692 646 1761 copiis
657 1691 790 1746 aluerunt.
856 1718 859 1723 >

76 1766 107 1816 δ.»
126 1763 176 1816 His
204 1762 240 1816 de
269 1763 352 1816 rebus
376 1763 476 1816 Caesar
504 1761 601 1816 certior
628 1762 716 1816 lactus
739 1770 767 1816 et
789 1761 976 1819 infirmitatem

41 1830 182 1886 Gallorum
204 1833 314 1902 veritus,
335 1831 408 1903 quod
426 1839 492 1886 sunt
511 1833 539 1887 in
558 1831 677 1886 consiliis
699 1831 839 1902 capiendis
857 1831 974 1886 mobiles

41 1909 70 1955 et
86 1901 164 1955 novis
182 1901 343 1982 plerumque
362 1902 443 1956 rebus
461 1902 578 1969 student,
591 1901 657 1955 nihil
678 1901 721 1956 his
740 1901 976 1956 committendum·

40 1970 215 2025 existimavit.
252 1973 301 2025 Est
324 1981 418 2025 antem
441 1970 493 2025 hoo
513 1971 635 2025 Gallicae
655 1972 865 2043 consuetudinis,
886 1971 932 2025 uti
945 1978 975 2026 et

41 2039 158 2094 viatores
181 2041 266 2095 etiarn
295 2041 393 2095 invitos
420 2040 566 2095 consistere
594 2049 691 2110 cogant
713 2051 742 2096 et
765 2040 834 2112 qnod
858 2041 974 2112 quisque

40 2126 133 2165 eorum
156 2110 191 2164 de
213 2127 321 2181 quaque
344 2127 374 2164 re
396 2111 511 2165 audierit
533 2120 580 2166 ant
603 2113 763 2183 fflgnoveriu
784 2119 923 2183 quaerant,
946 2117 975 2165 et

40 2189 204 2235 mercatores
231 2181 258 2234 in
288 2180 393 2252 oppidis
422 2181 519 2251 vulgus
548 2182 727 2236 circumsistat
756 2180 909 2253 quibusque
939 2197 975 2236 ex

40 2250 193 2321 regionibns
211 2253 320 2306 veniant
339 2269 463 2323 quasque
483 2251 520 2306 ibi
540 2268 584 2306 res
603 2253 783 2333 cognoverint²
801 2251 974 2322 pronuntiare

40 2328 147 2390 cogant.
191 2321 240 2375 His
260 2322 341 2377 rebus
360 2330 444 2392 atque
464 2321 646 2376 auditionibus
664 2330 780 2403 permoti
803 2321 843 2375 de
856 2321 974 2376 summis

40 2406 124 2462 saepe
136 2389 217 2444 rebus
233 2392 347 2447 consilia
362 2393 463 2462 ineunt,
476 2408 591 2463 quorum
605 2408 653 2445 eos
670 2409 697 2445 rn
709 2392 822 2462 vestigio
834 2391 973 2461 poenitere

40 2476 155 2516 necesse
173 2471 222 2532 est,
236 2479 301 2516 cum
318 2461 426 2516 incertis
444 2461 597 2516 rumoribus
613 2461 741 2516 seruiunt⁸
752 2470 779 2516 et
795 2460 918 2533 plerique
935 2461 973 2516 ad

38 2529 208 2587 voluntatem
218 2549 314 2586 eonnn
324 2531 389 2587 ficta
400 2531 588 2602 respondeant.
609 2578 612 2583 .

75 2606 101 2657 d.
128 2602 189 2662 Qua
219 2602 413 2656 cousuetudine
440 2602 547 2673 cognita
569 2600 676 2673 Caesar,
701 2618 736 2655 ne
761 2600 876 2670 graviori
897 2600 971 2656 bello

39 2673 209 2743 occurreret‚⁴
231 2672 371 2744 maturius,
395 2688 481 2742 quam
505 2678 655 2744 consuerat,
679 2671 716 2726 ad
739 2671 889 2727 exercitum
910 2687 971 2743 pro·

67 2861 169 2912 ¹Gcoro
187 2862 245 2911 here
264 2863 286 2912 is
304 2862 347 2912 the
365 2877 433 2913 same
451 2878 478 2912 as
495 2862 607 2923 meddin
623 2862 663 2912 ‘in
677 2861 720 2912 the
737 2876 805 2911 seme
822 2860 966 2921 conditiou,'

36 2921 144 2982 hemely,
158 2937 184 2970 as
195 2921 238 2971 the
249 2921 316 2971 Ubii.

35 2997 76 3106 th¹
85 2995 194 3106 Theatdia
208 3005 250 3045 not
261 3005 288 3045 to
299 2996 368 3045 leave
384 3004 410 3044 to
426 2996 495 3046 them
511 2997 553 3046 the
569 3003 742 3059 management
752 2994 782 3044 os
792 2994 834 3043 the
844 3009 897 3043 war
907 2993 968 3044 with

64 3071 131 3106 amr
163 3071 211 3106 ers.
941 3082 945 3089 ,

36 3132 151 3253 miroqiiat
177 3132 208 3191 is,
231 3147 259 3182 aa
284 3131 345 3192 they
366 3131 437 3181 acted
462 3131 488 3181 in
512 3131 604 3194 perfect
623 3131 730 3182 relience
751 3145 784 3179 on
803 3128 866 3179 anch
886 3141 967 3192 v⁸8¹¹0

119 3209 140 3241 s.
838 3206 846 3222 .

48 3278 53 3285 ·
63 3266 77 3297 ⁴
87 3262 214 3318 essem
223 3265 245 3316 is
255 3266 314 3318 here
324 3265 368 3317 the
377 3279 446 3317 same
456 3280 485 3316 es
495 3267 607 3324 madae,
621 3268 663 3315 ‘to
673 3265 775 3317 become
785 3261 918 3316 involved?
