2146 3704
470 115 562 159 traua
582 116 616 160 ιι.
963 92 1004 173 63,

73 220 184 292 facium,
197 219 357 290 secundiore
368 224 492 295 equitum
503 223 611 295 proelio¹
622 231 719 279 nostns
727 222 825 278 Caesar
833 238 896 277 suos
904 221 933 277 in
944 238 1003 278 cas·

74 301 114 348 tra
131 292 258 362 reduxit„
283 293 381 348 Hostes
397 295 516 365 protinus
533 310 569 348 ea
584 311 616 348 eo
634 294 693 348 loco
710 293 745 346 cd
763 293 867 348 flumen
877 295 1002 352 Axonam

74 362 277 434 contenderunt,
290 364 361 433 quod
374 380 435 416 esse
446 373 506 434 post
519 373 607 417 nostra
623 377 711 417 castra
722 362 935 416 demonstratum
949 370 1001 418 est.

73 432 114 486 lbi
125 432 206 485 vadis
224 433 335 502 repertis
351 442 455 503 partem
473 450 584 489 suarum
601 434 738 502 copiarum
756 432 896 489 traducere
914 431 1002 487 conati

74 510 143 572 suut,
157 518 190 554 eo
201 502 319 573 oonsilio,
332 512 369 571 ut,
383 503 406 556 si
417 511 533 574 possent,
542 503 691 572 castellum,
705 502 749 555 cui
758 510 879 572 praeerat
888 501 1003 560 Quintus

73 570 192 624 Titurius
210 570 335 641 legatuq'
345 581 530 641 expugnarent
547 580 711 642 pontemque
728 571 965 630 interscinderent:
978 571 1002 626 si

31 635 41 658 ‘
73 641 165 695 miuus
187 642 335 711 potuissent
363 659 441 710 agros
458 642 603 710 Remorum
621 641 818 712 popularentur,
838 640 885 711 qui
902 655 1002 710 magno

73 709 229 833 noblilsbtetsui
240 680 392 772 adbellum
408 711 559 780 gerendum
576 721 659 783 erant,
672 719 881 781 commeatuque
899 723 1002 766 nostros

91 795 120 832 ro
140 798 148 833 r
184 789 252 834 rent.
567 825 569 831 ,
671 827 672 830 ,

73 795 92 850 p
110 853 151 902 10.
187 850 286 903 Caesar
303 848 399 903 certior
415 849 504 904 factus
520 850 556 906 ab
568 848 674 904 >Titurio
686 867 796 905 omnem
809 850 960 921 equitatum
972 859 1001 907 et

73 916 143 972 levis
165 929 318 973 armaturae
335 920 476 990 Numidas,
495 919 642 974 funditores
666 921 872 991 sagittariosque
890 931 1001 992 pontem

74 987 189 1042 traducit
199 998 282 1060 atque
293 989 329 1042 ad
341 1006 388 1042 eos
400 990 545 1043 contendit.
569 990 675 1043 Acriter
686 991 714 1044 in
726 1007 759 1044 ec
771 991 838 1044 loco'
849 1001 1000 1062 pugnaturn

72 1065 122 1112 est.
159 1057 257 1112 Hostes
282 1058 425 1129 impeditos
448 1060 531 1113 nostri
548 1060 576 1114 in
593 1060 705 1114 flumine
727 1061 847 1131 aggressi
871 1078 1000 1130 magnum

72 1143 166 1182 eorum
188 1145 332 1182 numerum
357 1127 527 1192 occiderunt:
558 1147 607 1201 per
630 1147 723 1184 eorum
748 1147 858 1200 corpora
882 1131 1000 1202 reliquos

70 1196 253 1251 audacissime
277 1199 387 1252 transire
410 1209 539 1258 conantes
561 1200 732 1254 multitudine
755 1200 871 1255 telorum
894 1201 999 1281 repule-

72 1275 132 1321 mut
139 1283 148 1336 3
172 1267 280 1338 primos,
304 1267 351 1338 qui
374 1269 540 1340 transierant,
564 1270 685 1338 equitatu
702 1269 900 1324 circumventos
919 1280 1000 1325 mter·

70 1335 202 1390 fecerunt.
238 1337 342 1407 Hostes,
356 1337 402 1391 ubi
414 1346 441 1391 et
453 1337 488 1390 de
500 1338 677 1418 expugnando
690 1338 786 1407 oppido
798 1338 872 1391 etde
884 1339 999 1395 flumine

69 1406 232 1460 transeundo
249 1424 327 1477 spem
345 1424 374 1460 se
392 1406 521 1460 fefellisse
542 1406 729 1460 intellexerunt
746 1423 835 1476 neque
853 1416 955 1462 nostros
971 1411 1000 1465 in

70 1475 216 1531 tueamini
235 1476 340 1530 uiorem
362 1476 484 1547 progredi
503 1476 640 1547 pugnandi
663 1492 747 1528 causa
764 1474 897 1549 viderunt,
916 1487 999 1549 atqua

69 1544 142 1615 ipsos
159 1562 203 1599 res
216 1493 395 1600 drumentaria
412 1546 528 1599 deficere
546 1546 642 1616 coepit,
656 1545 767 1599 concilio
779 1556 924 1601 convocato
936 1566 998 1604 con·

69 1615 212 1669 stituerunt
229 1616 363 1685 optimum
382 1633 443 1668 esse
466 1616 577 1669 domum
595 1633 673 1669 suam
691 1632 828 1686 quemque
846 1618 951 1687 reverti,
969 1625 998 1672 et

68 1700 184 1753 quorum
207 1685 233 1737 io
258 1685 326 1738 fines
344 1685 460 1755 primum
474 1679 590 1754 ‚Romani
614 1685 763 1739 exercitum
781 1685 996 1760 intmduxissent,

69 1754 105 1807 ad
122 1770 170 1807 sos
186 1753 371 1808 defendendos
390 1755 507 1824 undique
525 1756 714 1824 convenirent,⁴
731 1764 761 1809 ut
779 1755 869 1825 potius
887 1756 913 1810 in
932 1757 995 1841 suis,

68 1839 151 1945 paam
170 1823 197 1876 iu
215 1824 313 1877 alienis
330 1825 429 1878 finibus
451 1825 618 1879 decertarent
636 1835 664 1879 ct
682 1825 838 1879 domesticis
855 1827 940 1898 copiis
957 1845 997 1882 rer

82 1894 259 1946 rumentariae
283 1903 427 1948 uterentur.
463 1895 506 1949 Ad
530 1913 592 1949 eam
616 1897 776 1950 sententiam
800 1913 864 1950 cum
888 1897 997 1966 reliquis

68 1963 159 2016 causis
176 1961 245 2016 haec
262 1980 369 2033 quoque
388 1963 452 2017 ratio
464 1982 511 2017 eos
523 1964 641 2036 deduxit,
655 1965 725 2035 quod
739 1966 901 2020 Divitiacum
913 1976 940 2020 at
961 1984 996 2020 ue

68 2031 180 2086 Aeduos
191 2032 290 2086 finibus
302 2032 504 2088 Bellovacorum
517 2035 728 2105 adpropinquare
741 2045 918 2105 cognoverant
927 2052 933 2090 :
941 1983 996 2089 qhis

68 2101 231 2172 persuaderi,
244 2112 274 2156 ut
285 2102 388 2158 diutius
399 2114 565 2158 morarentur
575 2106 675 2175 neque⁸
683 2105 739 2163 suis
747 2106 878 2159 auxilium
887 2106 993 2178 ferrent,

68 2187 122 2224 uon
168 2181 245 2225 terat.

106 2188 206 2311 upossa
218 2259 246 2296 re
259 2241 401 2295 constituta
413 2242 532 2296 secunda
543 2243 634 2312 vigilia
645 2259 743 2311 magno
761 2260 825 2296 cum
838 2244 949 2315 strepitu
961 2261 996 2298 ao

68 2310 185 2365 tumultu
198 2312 293 2366 castris
304 2312 407 2381 egressi
419 2312 491 2365 nullo
503 2321 576 2364 certo
593 2312 686 2365 ordine
698 2328 788 2382 neque
800 2313 918 2382 imperio,
931 2332 996 2368 cum

69 2378 120 2434 sihi
142 2380 257 2452 quisquc
275 2382 393 2453 primum
410 2381 513 2434 itineris
530 2381 620 2435 locum
638 2390 742 2452 peteret
760 2392 787 2433 et
805 2381 917 2435 domum
935 2400 994 2454 per·

98 2592 260 2643 ¹Secrrndiore
271 2596 363 2657 proelio
374 2594 394 2642 is
405 2593 447 2642 the
459 2592 564 2642 ablative
575 2593 695 2644 absolute.
727 2595 774 2646 See
786 2596 855 2659 chap.
868 2602 891 2658 8,
904 2610 960 2650 note
971 2585 1000 2654 3(

96 2679 107 2710 ¹
116 2680 164 2729 See
175 2682 245 2741 chap.
256 2685 279 2730 5.

97 2767 147 2817 'Ia
157 2787 182 2818 eo
192 2772 253 2827 locor
270 2769 377 2830 namely‚
391 2769 416 2818 in
427 2769 508 2819 which
519 2770 550 2819 he
561 2770 636 2820 found
646 2771 688 2821 the
699 2775 816 2827 enemies.

97 2855 217 2906 ⁴Instead
224 2856 252 2905 of
258 2858 409 2905 convenirent
420 2873 458 2905 we
470 2857 548 2919 might
557 2858 618 2906 have
631 2862 749 2919 expected
760 2863 801 2911 the
813 2862 930 2914 infinitiva
941 2883 994 2915 eort-

68 2918 159 2972 uenire,
169 2932 197 2964 as
208 2916 232 2963 in
244 2915 285 2964 the
296 2916 426 2977 preceding
437 2918 519 2966 clause
529 2934 565 2965 we
577 2919 639 2966 have
651 2923 751 2977 reverti}
768 2923 812 2970 but
824 2926 911 2971 reuerti
920 2924 941 2972 ia
952 2926 995 2976 the

68 2975 119 3025 real
130 2977 210 3037 object
219 2975 248 3024 of
255 2976 296 3024 the
305 2977 417 3036 enemy’s
426 2976 520 3033 deorse,
529 2977 640 3025 whereas
650 2983 801 3028 convenirent
812 2996 941 3041 expresses
952 2984 995 3034 tha

68 3035 189 3084 intention
199 3050 227 3085 or
237 3050 341 3095 purpose
352 3035 389 3085 for
399 3036 480 3085 which
491 3037 550 3097 they
561 3051 601 3084 are
613 3046 639 3083 to
649 3046 740 3085 return.

8 3126 22 3149 μ
97 3120 200 3190 'Nque
213 3122 272 3172 here
283 3138 392 3172 answers
402 3132 429 3193 tq
440 3123 482 3172 the
493 3122 606 3185 negative
617 3124 731 3187 meaning
742 3124 842 3188 implied
852 3128 878 3179 iu
887 3130 929 3182 the
940 3148 994 3195 pre·

68 3179 258 3246 aemulatae.
290 3181 487 3245 Compareu35.
