2146 3704
79 156 134 217 teu
376 175 418 216 un
439 174 537 216 anano
557 174 693 217 emico.

73 299 126 338 non
143 282 248 352 suisset,
264 282 338 336 nulla
356 283 384 337 in
400 301 429 338 re
447 285 583 339 communi
602 284 680 338 saluti
698 283 799 352 deerat,
816 287 844 336 et
862 280 890 337 in
905 279 1001 355 appel·

73 353 170 406 laudis¹
187 352 410 424 cohortandisque
428 354 559 408 militibus
571 352 738 423 imperatoris
748 362 776 405 et
788 353 816 406 in
827 368 919 422 pugna
928 350 1001 407 miti·

74 421 107 475 tis
115 423 205 477 officia
214 424 374 493 praestabat.
401 424 546 492 Quumque
558 432 663 493 propter
674 422 871 491 longitudinem
947 420 1000 475 inis

73 491 163 546 miuus
178 492 258 546 facile
277 510 368 563 perse
387 493 477 546 omnia
495 494 576 563 obire,
589 492 693 562 etquid
706 508 813 562 quoque
826 491 885 543 loco
909 490 1000 544 acien-

72 562 140 615 dum
148 572 228 633 esset,
242 563 383 632 providere
391 571 507 632 possent,
518 562 655 632 jusserunt
666 561 861 632 pronunciare,²
871 567 901 613 ut
914 560 1000 631 impe·

72 631 193 686 dimenta
205 631 385 702 relinquerent
397 641 479 702 atque
491 633 518 685 in
530 631 624 685 orbem
635 631 820 684 consisterent.
845 629 925 690 Quod
936 646 1000 684 cou-

72 701 163 757 silium
174 702 226 755 etsi
238 702 264 754 in
283 700 415 771 ejusmodi
431 719 497 754 casu
515 699 766 771 reprehendendum
777 706 892 771 nonest,
906 707 1000 754 tamen

71 770 241 825 incommode
260 770 374 824 accidit:
398 787 463 823 nam
480 778 508 823 et
525 771 621 824 nostris
644 769 775 824 militibus
794 785 872 839 spem
890 768 998 840 minuit,

71 848 98 893 et
111 840 203 894 hostes
213 840 249 893 ad
261 856 381 909 pugnam
392 839 534 892 alacriores
546 839 645 909 effecit,
659 839 731 909 quod
742 854 794 892 non
813 838 871 892 eins
890 854 1000 893 summo

72 909 165 963 timore
174 918 201 962 et
213 908 401 978 desperatione
410 908 437 961 id
446 908 551 962 factum
559 908 709 962 videbatur.
734 907 878 961 Praeterea
888 907 997 979 accidit,

70 978 142 1049 quod
153 978 213 1033 fieri
225 995 337 1032 necesse
349 986 413 1047 erat,
427 987 457 1031 ut
469 978 549 1031 vulco
561 979 662 1032 milites
673 977 708 1031 ab
720 977 804 1046 signis
817 976 997 1048 discederent,

69 1064 141 1118 quae
149 1048 368 1119 quisqueeorum
375 1019 641 1117 carissimababeret,
651 1046 687 1100 ab
694 1046 897 1118 impedimentis
904 1055 999 1117 petere

69 1125 152 1188 atque
171 1118 293 1188 abripere
314 1126 474 1189 properaret,
494 1117 612 1170 clamore
630 1134 663 1170 ac
682 1116 749 1170 fletu
767 1116 859 1171 omnia
877 1115 998 1188 comple·

69 1195 168 1241 rentur.

101 1260 148 1311 ³4.
166 1258 203 1310 At
221 1255 341 1310 barbaris
359 1256 510 1310 consilium¹
527 1273 578 1310 non
597 1254 699 1310 defuit:
719 1271 784 1309 uam
798 1254 884 1309 duces
902 1270 997 1312 eorum

69 1333 126 1381 tota
142 1326 202 1380 acie
220 1325 395 1396 pronunciare
409 1325 553 1397 jusserunt,
568 1343 604 1379 ne
622 1325 684 1396 quis
700 1324 736 1378 ab
753 1325 812 1378 loco
826 1323 997 1381 discederet:

69 1396 174 1451 illorum
192 1413 254 1449 esse
273 1396 409 1467 praedam,
422 1405 449 1449 at
469 1413 504 1450 ue
523 1395 576 1450 illis
593 1395 730 1465 reservari,
743 1395 997 1465 quaecumqneRo·

68 1467 143 1521 mani
162 1466 212 1520 reli
233 1466 351 1520 uissent:
373 1414 484 1547 proinde
504 1466 595 1519 omnia
615 1466 642 1519 in
663 1465 773 1518 victoria
796 1465 883 1534 posita
903 1464 996 1519 existi·

67 1544 181 1590 merent.
245 1545 301 1589 rant
313 1545 341 1590 et
352 1544 450 1590 virtute
462 1544 490 1589 et
504 1552 616 1590 numero
633 1534 777 1604 pugnando
794 1550 874 1605 pares
881 1534 899 1588 :⁴
912 1534 995 1588 nostri

69 1614 169 1675 minen,
185 1605 237 1658 etsi
254 1604 371 1659 abduce
389 1614 417 1659 et
435 1605 541 1659 fortuna
558 1604 758 1675 deserebantur,
773 1611 867 1658 tamen
883 1619 997 1658 omnem

68 1691 145 1745 spem
163 1674 257 1728 salutis
274 1675 302 1728 in
317 1676 414 1728 virtute
432 1675 575 1746 ponebant,
592 1683 620 1728 et
635 1674 740 1756 quoties
756 1689 881 1744 quaeque
898 1673 996 1727 cohors

88 1752 240 1823 roeurreret,
259 1743 295 1796 ab
313 1761 346 1798 ea
363 1753 439 1814 parte
456 1761 570 1814 magnus
587 1744 705 1798 hostium
722 1759 852 1797 numerus
869 1741 994 1797 cadebat.

67 1760 128 1870 Eua
146 1829 175 1864 re
195 1813 390 1884 ammadversa,
408 1813 549 1868 Ambiorix
566 1813 734 1884 pronunciari
751 1813 835 1883 jubet,
853 1821 883 1866 nt
900 1811 994 1884 procul
1020 1877 1025 1882 ,

67 1879 287 1960 telaconjiciant
310 1899 364 1936 neu
387 1881 496 1952 propius
518 1883 657 1963 accedant,
679 1891 707 1936 et
729 1900 812 1954 quam
836 1883 865 1936 in
887 1893 995 1952 portem

66 1949 180 2004 Romani
192 1957 325 2020 impetum
340 1951 460 2021 fecerint,
473 1949 584 2018 cedant;
603 1951 713 2010 levitate
731 1968 866 2006 annorum
884 1960 912 2006 et
929 1967 993 2022 qno·

67 2018 168 2072 tidiana
179 2018 370 2073 exercitatione
382 2019 450 2073 nihil
461 2020 495 2072 iis
509 2022 599 2074 noceri
610 2038 704 2093 posse:
724 2039 814 2076 mrsus
826 2038 856 2076 se
867 2021 903 2075 ad
915 2021 994 2092 signs

66 2087 239 2157 recipientes⁵
249 2088 431 2159 insequantur.

102 2161 144 2211 35.
163 2158 221 2217 Quo
245 2167 388 2229 praecepto
406 2159 442 2213 ab
460 2159 494 2213 iis
517 2159 720 2229 diligentissime
738 2161 887 2230 observato,
907 2175 993 2231 quum

66 2228 212 2298 quaepiam
230 2230 325 2283 cohors
341 2247 377 2283 ex
393 2228 457 2282 orbe
475 2239 627 2283 excesserat
642 2238 724 2300 atque
736 2231 870 2302 impetum
881 2230 992 2298 iecerat,

66 2296 159 2351 hostes
170 2298 341 2352 velocissime
358 2299 536 2368 refugiebant.
572 2300 682 2353 Interim
700 2317 762 2354 eam
777 2309 882 2370 partem
895 2299 992 2354 nudari

66 2384 180 2422 necesse
193 2377 250 2423 erat
262 2377 289 2422 et
301 2368 336 2422 ab
349 2368 432 2422 latere
444 2378 536 2440 aperto
548 2369 602 2423 tela
614 2369 705 2438 recipi.
740 2371 849 2440 Rursus,
863 2387 949 2439 quum
964 2370 993 2423 in

67 2455 132 2492 euru
144 2439 242 2510 locum,
251 2438 324 2493 unde
348 2447 424 2492 erent
436 2439 575 2510 progressi,
589 2439 685 2492 reverti
698 2447 849 2511 coeperant,
863 2449 891 2494 et
902 2439 939 2494 ab
950 2439 991 2510 iis,

95 2604 101 2631 ¹
112 2600 242 2663 Appellare
251 2602 309 2650 hers
321 2602 342 2650 is
353 2602 394 2650 the
406 2617 473 2651 same
484 2618 511 2651 as
521 2604 619 2663 albuci,
635 2605 675 2649 ‘to
686 2600 803 2650 address.’

93 2687 244 2738 ’Jusserunt
258 2692 431 2752 pmnurrcshrer
449 2690 490 2739 the
507 2691 603 2751 subject
613 2689 779 2752 ofjusserunt
795 2688 898 2758 induces
913 2687 994 2738 ottho

65 2747 995 2868 tellit}idibtttlltllllltttssldtnd‘⁰⁹¹⁰⁰¹⁸¹¹¹¹'*¹²¹

95 2895 104 2923 ¹
115 2893 250 2942 Consilium
260 2894 317 2943 here
328 2894 350 2942 is
363 2898 494 2954 ‘presence
504 2894 533 2943 ol
540 2896 625 2953 mind‚’
638 2896 720 2946 which
730 2896 751 2945 is
761 2895 804 2945 the
814 2895 892 2945 result
902 2895 932 2944 oi
940 2909 994 2957 pro·

66 2954 137 3002 vicus
147 2953 252 3015 thought
263 2954 311 3003 and
321 2953 480 3003 deliberation
489 2957 638 3011 (consiliam).

95 3044 104 3072 ⁴
114 3040 170 3089 The
181 3041 278 3090 mennin
306 3041 334 3090 os
341 3040 390 3090 this
401 3055 503 3101 passage
514 3040 549 3088 is:
563 3041 623 3090 both
631 3042 695 3091 their
700 3042 785 3092 valour
793 3041 841 3091 and
850 3040 916 3091 their
923 3056 995 3091 num·

66 3100 110 3147 ber
127 3101 161 3156 (in
171 3100 252 3149 which
268 3057 328 3161 tbey
339 3100 470 3162 surpassed
486 3099 527 3148 the
543 3099 661 3157 Romans)
678 3101 796 3152 rendered
811 3101 881 3151 them
897 3100 997 3151 ableto

66 3172 127 3217 copo
138 3159 198 3208 with
210 3160 252 3207 the
264 3160 381 3209 Romans.

88 3242 148 3291 'To
158 3246 314 3306 ὑπερπαίω
324 3246 415 3308 supply
424 3244 552 3295 Romanos.
918 3177 1001 3421 {po

1002 3425 1016 3456 ἱ
