2146 3704
727 72 731 98 1

465 123 559 166 usna
579 124 600 166 t.
958 102 1000 165 58

71 229 178 287 omuino
190 228 278 286 telum
286 228 411 285 inhostes
420 230 570 302 rejicerent.
597 233 670 286 Nam
679 232 730 284 etsi
742 230 800 285 sine
812 229 867 286 ullo
878 229 997 302 periculo

70 300 184 370 legionis
201 298 325 353 delectae
340 318 404 355 cum
416 301 538 371 equitatu
555 301 688 372 proelium
706 300 761 354 fore
774 300 891 370 videbat,
904 308 998 356 tamen

70 369 295 424 committendum
306 387 359 424 non
369 372 489 442 putabet,
503 380 533 424 ut
550 370 635 451 pulsis
646 370 769 424 hostibus
780 369 835 423 dici
847 378 938 439 posset
950 376 998 425 eos

69 440 104 494 ab
121 457 153 494 se
171 457 221 512 per
239 440 331 494 fidcm¹
349 440 376 495 in
393 441 523 510 colloquio
535 449 741 494 circumventos.
778 439 956 508 Posteaquam
969 439 998 496 in

69 509 167 580 vulgus
178 510 297 564 militum
314 509 417 564 elatum
435 520 485 580 est,
497 527 552 579 qua
569 509 719 578 arrogantia
736 509 764 563 in
778 508 910 578 colloquio
921 509 997 564 Ario·

69 579 155 634 sistus
167 596 234 638 usus
246 579 319 633 omni
331 580 419 634 Gallia
430 580 558 634 Romanis
569 578 749 633 interdixisset
770 580 957 659 impetumque
969 580 998 634 in

70 659 172 703 nostros
191 647 252 719 ejus
267 650 373 719 equites
385 649 522 719 fecissent,
535 665 623 720 eaque
640 665 684 701 res
702 618 865 719 colsoqurum
884 656 912 702 ut
928 648 998 701 dire-

70 720 171 787 misset,
191 719 277 773 multo
300 718 386 790 major
404 719 528 772 alacritas
550 717 724 789 studiumque
747 717 885 790 pugnandi
907 716 998 791 majus

70 788 200 842 exercitui
211 788 341 858 injectum
353 798 403 842 est.
926 826 928 830 Α
1025 833 1028 837 ,

103 863 149 912 tt.
179 857 265 911 Biduo
288 866 348 928 post
371 857 522 912 Ariovistus
546 857 582 911 ad
605 859 750 912 Caesarem
772 857 875 927 legatos
897 857 998 916 mittit:
1025 905 1027 914 ,

69 927 141 982 velle
159 944 190 980 se
208 927 243 981 de
260 925 304 981 his
321 927 409 998 rebus,
422 944 492 998 quae
510 928 636 982 intereos
653 928 697 997 agi
714 936 826 998 coeptae
838 945 927 1008 neque
939 945 998 1008 per·

70 996 158 1052 fectae
177 1004 277 1066 essent,
290 1015 371 1067 agere
388 1015 452 1051 cum
469 1014 516 1052 eo:
536 998 575 1051 uti
592 1007 639 1050 aut
656 997 755 1052 iterum
773 997 825 1052 coll
860 1014 905 1050 uro
923 997 998 1052 drem

70 1067 252 1137 constitueret,
265 1076 320 1136 ant,
334 1067 357 1122 si
369 1067 397 1121 id
410 1067 499 1121 minus
510 1068 600 1137 vellet,
614 1085 630 1120 e
650 1067 706 1120 suis
722 1067 819 1137 legatis
830 1085 847 1120 a
858 1068 950 1137 iquem
961 1067 997 1121 ad

70 1137 237 1202 semitteret.
261 1137 318 1190 eorl
352 1136 434 1192 uendi
443 1137 550 1192 caesari
558 1138 765 1192 causavisanon
774 1147 815 1191 est
824 1137 996 1210 eteomegis,

70 1207 141 1277 quod
158 1205 247 1278 pridie
265 1206 324 1277 ejus
360 1207 396 1260 iei
413 1208 540 1261 Germani
558 1207 665 1260 retineri
682 1224 735 1260 non
748 1217 877 1277 poterant,
891 1207 957 1279 quin
968 1206 997 1261 in

69 1285 173 1330 nostros
190 1275 245 1329 tela
265 1276 437 1347 conjicerent.
472 1276 604 1345 Legatum
623 1277 713 1328 esuis
733 1293 794 1330 sese
814 1293 912 1355 magno
932 1293 997 1330 cum

69 1345 188 1417 periculo
211 1345 247 1399 ad
270 1362 335 1400 eum
357 1347 505 1400 missurum
524 1354 552 1398 et
571 1345 725 1398 hominibus
744 1345 809 1398 seris
828 1345 996 1424 objecturum

71 1415 251 1470 existimabat.
288 1415 544 1470 Commodissimum
561 1415 651 1467 visum
670 1422 712 1466 est
731 1413 760 1466 C.
776 1414 915 1468 Valerium
934 1414 996 1467 Pro·

70 1485 184 1556 cilium,2
194 1485 224 1538 C.
231 1483 328 1539 Valerii
335 1485 433 1539 Caburi
451 1483 545 1551 filium,
559 1499 667 1537 summa
679 1483 776 1536 virtute
787 1492 815 1537 et
827 1483 996 1539 humanitate

69 1554 279 1625 adolescentem,
289 1555 366 1624 cujus
377 1563 453 1625 pater
464 1571 481 1606 a
492 1554 522 1607 C.
530 1553 636 1606 Valerio
645 1551 751 1607 Flacco¹
762 1553 870 1607 civitate
882 1552 997 1610 donatus

69 1633 133 1696 erat,
147 1632 176 1678 et
194 1634 301 1706 propter
319 1624 403 1678 fidem
422 1631 449 1676 et
468 1630 574 1694 propter
593 1623 700 1692 linguae
711 1622 831 1677 Gallicae
844 1623 995 1697 scientiam,

69 1712 122 1765 qua
139 1694 235 1748 multa⁴
246 1712 303 1764 Jam
321 1694 472 1749 Ariovistus
489 1693 633 1763 longinqua
650 1693 843 1747 consuetudine
861 1692 995 1766 utebatur,

69 1773 96 1819 et
113 1764 186 1835 quod
206 1763 233 1818 in
252 1781 284 1817 eo
303 1763 433 1835 peccandi
452 1762 595 1817 Germanis
612 1780 694 1818 causa
712 1780 763 1817 non
782 1771 862 1833 esset,
877 1764 912 1817 ad
931 1780 997 1821 eum

68 1835 183 1905 mittere,
197 1844 225 1888 et
236 1835 361 1888 Marcum
373 1834 511 1903 Mettium,
524 1833 571 1903 qui
590 1832 703 1903 hospitio
715 1834 842 1888 Ariovisti
859 1832 1015 1918 utebatur.'

68 1902 118 1957 His
135 1905 282 1974 mandavit,
296 1912 324 1957 ut
341 1920 412 1973 quae
430 1903 531 1956 diceret
544 1903 700 1972 Ariovistus,
713 1913 904 1973 cognoscerent
916 1913 943 1958 et
960 1903 995 1957 ad

69 1991 99 2028 se
116 1974 255 2028 referrent.
291 1973 365 2032 Quos
384 1989 448 2026 cum
468 1973 540 2042 apud
560 1989 590 2026 se
609 1973 636 2026 in
656 1973 751 2026 castris
767 1975 917 2028 Ariovistus
934 1990 995 2026 con·

69 2044 209 2114 spuisset,
231 2043 350 2097 exercitu
370 2059 418 2096 suo
438 2052 578 2112 praesente
599 2043 791 2097 conclamavit:
818 2043 888 2103 Quid
909 2044 944 2097 ad
964 2060 995 2098 se

68 2113 210 2167 renitenti
228 2131 261 2166 an
275 2112 431 2182 speculandi
442 2112 543 2165 causat
573 2113 705 2166 Conantes
717 2113 807 2166 dicere
819 2113 955 2184 prohibuit
967 2125 995 2168 et

69 2182 95 2236 iu
108 2191 218 2236 catenas
230 2181 352 2252 conjecit.

102 2255 153 2306 ts
165 2253 270 2306 Eodem
290 2252 335 2304 die
356 2259 444 2305 castra
462 2251 593 2321 promovit
610 2258 637 2304 et
650 2251 761 2305 milibus
776 2268 905 2322 passuum
918 2269 995 2309 sexa

69 2321 192 2376 Caesaris
214 2322 307 2375 castris
332 2322 382 2376 sub
405 2330 497 2374 monte
526 2320 655 2373 consedit.
692 2321 822 2375 Postridie
852 2319 912 2374 e'us
940 2321 995 2379 diei

68 2401 174 2461 praeter
191 2400 279 2445 castra
297 2390 420 2444 Caesaris
437 2406 500 2443 suas
518 2389 609 2457 copias
627 2388 743 2442 traduxit
760 2397 787 2441 et
807 2338 917 2443 milidrns
934 2407 995 2462 pas»

68 2476 149 2515 sunm
160 2461 266 2515 duobus
278 2460 347 2514 ultra
358 2476 423 2513 eum
435 2468 521 2511 eastra
533 2457 606 2527 fecit,
619 2473 651 2510 eo
669 2455 788 2528 oonsilio,
802 2458 842 2513 uti
858 2457 996 2517 frumento

96 2675 105 2704 ¹
120 2673 171 2724 Per
179 2676 267 2737 fidem·
284 2673 391 2734 namely‚
409 2674 514 2722 hostrhos
532 2674 625 2730 dotem
642 2671 696 2722 that
713 2672 742 2731 ie.
761 2682 785 2722 at
799 2689 816 2722 a
831 2673 891 2727 time
908 2674 995 2738 during

26 2731 32 2744 '
68 2732 149 2783 which
160 2733 254 2783 hewse
265 2733 348 2782 bound
358 2735 392 2794 by
402 2733 441 2781 his
451 2731 557 2792 promise
568 2741 594 2780 to
605 2732 701 2780 abstain
711 2732 773 2782 from
783 2733 924 2783 hostilities.
981 2739 983 2742 “

96 2807 202 2856 'Secms
213 2817 240 2856 to
250 2808 281 2855 be
293 2806 335 2856 the
346 2822 414 2855 some
426 2805 506 2854 aethe
519 2805 548 2854 C.
557 2805 670 2855 Valerius
682 2805 802 2856 Procillus
813 2807 954 2857 mentioned
969 2807 995 2856 in

68 2865 151 2926 chaps.
164 2871 192 2916 19
203 2867 251 2916 and
261 2870 299 2916 53.

97 2938 146 2988 Ὀ.
154 2938 267 2989 Valerius
278 2939 382 2988 Flaccus
398 2937 445 2987 had
457 2939 520 2986 been
530 2953 650 2998 governor
660 2937 688 2988 oi
699 2938 741 2988 the
757 2937 871 2998 province
887 2935 916 2988 of
929 2935 995 2991 Gaul

67 2996 93 3048 in
103 3013 127 3046 a.
140 3013 161 3046 c.
172 3002 210 3048 83.
242 2999 290 3047 See
302 2999 355 3047 Cic.
368 3016 414 3062 pro
428 2997 512 3060 Quint.
524 3001 563 3048 76.

96 3075 106 3103 ⁴
115 3073 212 3130 Multo5
225 3075 332 3135 namely‚
343 3077 437 3136 lingon.
462 3073 546 3122 Multo
557 3074 643 3134 lingua
654 3074 692 3120 oti
702 3073 722 3120 is
732 3072 773 3127 the
779 3087 849 3124 sume
859 3073 994 3124 carnutum

67 3135 211 3239 ungwg‘ii'
226 3138 266 3183 ‘to
277 3135 350 3183 mehe
360 3134 435 3184 much
445 3149 490 3183 use
501 3133 530 3183 of
541 3149 556 3182 a
566 3131 769 3211 homage-‘to
780 3130 857 3194 speek
867 3130 886 3180 it
897 3130 979 3186 ostem¹
