2146 3704
81 221 129 291 ad
384 251 425 291 na
446 251 544 291 nauco
562 251 700 292 oruurco.

80 368 171 414 monte
183 357 338 412 consedisse
356 359 432 412 milia
443 377 572 430 passuum
582 359 619 413 ab
630 359 714 429 ipsius
731 358 826 412 castris
835 365 903 429 octo,
915 358 1005 429 qualis

81 436 153 482 esset
165 436 259 492 natura
272 429 369 482 montis
381 437 408 481 et
419 430 507 499 qualis
524 431 550 482 in
563 429 679 485 circuitu
697 445 826 482 ascensus
837 428 884 498 qui
894 445 1005 497 cognos-

62 516 64 520 ’
81 505 173 550 carent
184 498 266 551 misit.
295 499 486 552 Renuntiatum
497 509 538 552 est
547 498 656 551 facilem
668 502 747 551 esse.¹
776 499 817 550 De
829 498 906 551 tertia
915 498 1006 565 vigilia

81 565 173 621 Titum
182 567 343 620 Labienum²
350 568 470 636 legatum
482 577 657 638 propraetore
669 585 734 620 cum
742 568 848 621 duabus
856 567 1006 636 legionibus
1062 589 1065 598 ·

81 643 109 688 et
123 637 157 690 iis
173 637 295 707 ducibus,
309 639 355 707 qui
375 639 426 691 iter
443 647 627 708 cognoverant,
640 654 779 690 summum
794 636 890 706 jugum
908 637 1007 690 montis

79 706 228 759 ascendere
239 705 331 777 jubet,
348 707 412 776 quid
425 708 466 761 sui
478 707 581 760 consilii
590 707 630 777 sit,
640 706 766 760 ostendit.
793 707 854 776 Ipse
867 707 902 759 de
911 714 1007 777 quarta

82 775 173 844 vigilia
184 776 281 829 eodem
293 777 395 847 itinere,
409 794 462 847 quo
474 776 564 830 hostes
575 776 668 846 ierant,
677 775 713 829 ad
725 792 772 829 eos
783 776 920 829 contendit
932 777 1007 846 equi·

82 851 223 915 tatumque
241 862 350 899 omnem
368 855 431 899 ante
449 863 479 899 se
497 845 588 899 mittit.
624 847 654 899 P.
667 845 815 909 Considius,
828 847 875 916 qui
886 847 925 899 rei
937 845 1009 899 mili·

81 914 145 967 taris
163 914 341 983 peritissimus
357 914 508 969 habebatur
519 923 546 968 et
559 915 586 967 in
598 915 717 968 exercitu
730 915 760 968 1.
773 914 863 968 Sullae
875 923 902 968 et
914 923 1008 987 postea

81 983 111 1035 in
122 984 162 1035 M.
175 984 263 1036 Crassi
274 983 368 1052 suerat,
382 1001 446 1037 cum
458 984 668 1054 exploratoribus
680 985 865 1053 praemittitur.

117 1057 159 1105 22.
178 1053 267 1107 Prima
284 1053 363 1123 luce,⁸
374 1070 459 1124 quum
477 1070 601 1108 summus
618 1070 696 1106 mons
713 1072 730 1106 a
747 1055 779 1107 T.
797 1054 916 1108 Labieno
933 1063 1008 1107 tene·

81 1128 161 1192 retur,
175 1123 233 1192 ipse
251 1122 286 1176 ab
304 1123 422 1176 hostium
440 1123 534 1176 castris
552 1139 604 1176 non
622 1122 727 1192 longius
743 1124 819 1176 mille
837 1131 864 1177 et
878 1125 1008 1194 quingen·

81 1190 117 1245 tis
134 1192 259 1261 passibus
278 1194 394 1264 abesset,
412 1209 509 1262 neque,
528 1200 559 1245 ut
575 1201 668 1261 postea
686 1209 721 1245 ex
738 1193 850 1263 captivis
867 1193 1006 1264 comperit,

81 1267 128 1313 aut
152 1261 236 1330 ipsius
258 1261 398 1334 adventus,
419 1270 465 1315 aut
485 1261 598 1315 Labieni
622 1263 745 1330 cognitus
765 1271 845 1332 esset,
867 1263 1008 1318 Considius

81 1344 151 1399 equo
163 1330 281 1385 admisso
293 1332 402 1385 adeum
412 1332 534 1400 accurrit,
548 1330 613 1384 dicit
624 1341 754 1402 montem,
764 1348 846 1401 quern
858 1350 876 1385 a
887 1332 1007 1386 Labieno

80 1400 206 1470 occupari
223 1401 343 1471 voluerit,
362 1401 398 1454 ab
415 1400 537 1457 hostibus
557 1400 656 1454 teneri:
676 1401 703 1454 id
721 1418 752 1454 se
767 1419 784 1453 a
795 1402 906 1455 Gallicis
924 1402 1008 1456 armis

80 1476 163 1538 atque
175 1470 333 1540 insignibus⁴
343 1471 510 1539 cognovisse.
537 1469 636 1523 Caesar
644 1471 808 1541 suascopias
819 1472 846 1525 in
854 1472 1007 1542 proximum

80 1540 178 1593 collem
196 1540 330 1611 subducit,
343 1542 432 1594 aciem
449 1540 564 1593 instruit.
600 1539 742 1611 labienus,
761 1548 866 1594 uteret
884 1542 911 1594 ei
930 1558 1006 1612 prae·

80 1617 191 1679 ceptum
202 1627 219 1662 a
231 1611 353 1680 Caesare,
363 1627 397 1663 ne
410 1610 541 1681 proelium
552 1610 739 1680 committeret,
753 1609 805 1663 nisi
817 1609 902 1683 ipsius
912 1614 1007 1681 copiae

100 1695 162 1749 rope
179 1680 297 1733 hostium
314 1687 402 1733 castra
413 1680 487 1732 visae
499 1688 597 1749 esseut,
610 1687 640 1732 ut
651 1679 770 1749 undique
783 1697 835 1733 uno
847 1688 967 1751 ternpore
978 1682 1007 1735 iu

80 1695 172 1801 hostes
195 1749 313 1820 impetus
335 1750 420 1819 tieret,
440 1758 532 1802 monte
554 1758 684 1819 occupato
707 1758 810 1802 nostros
832 1766 880 1803 exs
899 1751 1007 1806 solebat

79 1818 233 1888 proelioque
252 1819 413 1873 abstinebat.
448 1819 537 1873 Multo
554 1818 671 1889 denique
689 1818 747 1887 die⁸⁴
779 1836 808 1872 er
827 1767 1007 1899 exploratores

80 1888 179 1940 Caesar
196 1890 319 1957 cognovit
334 1896 362 1941 et
379 1895 500 1942 montem
512 1889 598 1942 esuis
616 1889 746 1942 teneri·et
788 1888 900 1942 elveuos
917 1896 1006 1944 eastra

79 1957 196 2010 movisse
215 1965 243 2010 et
261 1956 415 2010 Considium
433 1957 527 2015 timore
545 1959 715 2028 perterritum
733 1957 805 2028 quod
824 1974 875 2011 non
891 1957 1006 2013 vidisset

78 2041 125 2148 Ero
144 2027 201 2079 viso
224 2026 276 2080 sibi
299 2028 475 2081 renuntiasse.
511 2028 551 2082 Eo
568 2027 680 2099 dieque
697 2035 838 2082 consuerat
856 2027 1007 2082 intervallo·

97 2103 170 2149 ostes
182 2096 302 2166 sequitur
314 2104 341 2149 et
353 2097 427 2151 milia
438 2115 568 2168 passuum
588 2098 637 2152 tria
653 2099 689 2153 ab
701 2114 794 2152 eorum
811 2097 905 2151 castris
916 2107 1006 2154 castra

78 2166 160 2236 ponit.

106 2325 115 2353 ¹
126 2322 243 2384 Namely,
256 2341 387 2381 ascensam,
400 2323 437 2373 sor
447 2324 472 2372 in
482 2324 531 2373 this
547 2340 651 2381 answer,
663 2324 706 2372 the
716 2323 795 2381 other,
808 2332 946 2385 respectrng
960 2322 1003 2373 the

77 2382 173 2431 natural
183 2393 305 2432 structure
316 2383 345 2432 of
356 2385 398 2432 the
408 2384 545 2442 mountain,
557 2384 579 2432 is
590 2382 698 2443 implied.

105 2472 116 2500 ¹
125 2471 156 2519 T.
167 2470 291 2520 Labienus
301 2471 322 2520 ie
333 2470 375 2520 tho
386 2470 502 2531 principal
513 2486 559 2520 one
570 2486 659 2531 among
667 2469 709 2518 the
717 2469 811 2531 legates
821 2435 848 2518 or
856 2468 1003 2518 lieutenants

77 2529 106 2580 os
118 2530 218 2588 Caesar,
231 2532 316 2579 whose
331 2530 400 2591 place
416 2530 447 2578 he
463 2530 535 2579 takes
545 2530 676 2579 wheueuer
693 2529 786 2597 Caesar
799 2527 821 2576 is
837 2529 938 2586 absent;
955 2527 1003 2577 aud

14 2594 16 2599 '
77 2589 269 2709 ggglssffaffaffn
278 2589 309 2639 he
321 2590 342 2638 is
353 2588 533 2650 distinguished
543 2591 576 2651 by
583 2589 625 2638 the
634 2589 754 2649 honorary
762 2587 816 2636 title
824 2586 852 2636 of
858 2596 1003 2650 propraetor.

106 2733 209 2784 'Prim
220 2739 269 2784 las.
300 2735 330 2785 In
341 2736 399 2793 this,
412 2752 440 2784 aa
456 2737 480 2785 in
496 2752 569 2796 many
580 2735 650 2784 other
660 2751 739 2791 cases,
752 2733 794 2782 the
810 2733 928 2802 adjective
944 2732 1003 2782 does

76 2805 119 2843 not
135 2795 208 2861 apply
219 2805 244 2843 to
255 2795 296 2844 the
307 2796 384 2844 entire
397 2796 466 2856 thing
476 2794 609 2855 expressed
619 2796 652 2854 by
664 2794 705 2842 the
716 2794 878 2847 substramus,
891 2794 934 2840 but
945 2792 1004 2852 only

76 2863 127 2901 toa
137 2863 190 2912 part
201 2854 229 2901 ol
236 2854 262 2902 it.
294 2854 388 2911 Hence,
395 2857 477 2925 prime
488 2857 530 2902 lua
539 2853 561 2901 is
572 2856 609 2901 the
612 2855 672 2913 first
680 2861 737 2914 part
748 2850 776 2899 os
787 2851 829 2899 the
840 2851 895 2910 day.
928 2850 1003 2899 Com·

76 2927 133 2973 pare
149 2930 254 2983 summus
269 2930 343 2969 mma,
357 2931 435 2976 premo
445 2931 506 2969 aare,
516 2914 620 2975 primam
634 2929 726 2973 agmen,
739 2911 893 2959 nouissimum
908 2927 1002 2971 agmen,

75 2975 134 3022 colle
143 2975 225 3029 medae,
237 2975 312 3020 maha
323 2982 396 3030 nocte,
412 2972 461 3021 dcc.

105 3047 179 3097 ⁴The
194 3048 304 3110 insignia
319 3048 377 3096 here
395 3063 435 3097 are
452 3047 494 3095 the
511 3055 650 3094 ornaments
661 3046 690 3095 of
701 3045 743 3094 the
758 3059 863 3101 armour,
876 3022 909 3093 as¹
919 3042 948 3092 of
961 3042 1004 3092 the

76 3107 191 3164 balmeta,
206 3106 254 3154 &a
287 3106 334 3155 See
345 3110 369 3154 ri.
381 3111 418 3155 21.

106 3180 191 3228 'That
202 3180 232 3236 is,
246 3181 333 3228 ‘when
343 3197 358 3228 a
368 3189 435 3241 grem
447 3187 499 3238 part
510 3177 538 3226 of
544 3176 587 3225 the
595 3177 643 3238 day
651 3177 699 3226 had
710 3176 808 3239 already
814 3176 904 3237 passed
913 3175 1003 3237 away!

78 3239 126 3288 See
137 3239 206 3299 obap.
218 3241 257 3295 26,
270 3239 318 3288 and
329 3239 362 3288 iii.
374 3242 413 3295 26,
425 3239 467 3287 vii.
479 3241 517 3285 28.

98 3312 191 3356 ‘Aah
199 3311 332 3362 described
342 3321 368 3362 at
379 3311 422 3362 the
432 3310 481 3362 eud
491 3309 520 3362 ot
530 3309 601 3373 chap.
613 3313 650 3360 15.
