2146 3704
479 118 571 160 masa
591 119 612 159 r,
911 156 913 162 .
967 103 1009 164 2ss

79 244 132 284 uon
150 225 233 297 longe
252 244 269 280 a
286 225 452 280 Tolosatium
471 227 570 281 finibus
589 227 694 297 absunt,
714 244 784 297 quae
797 227 900 288 ,civitas
919 240 961 284 est
978 231 1008 287 iu

79 296 227 370 provincia.
248 303 249 306 ’
270 296 301 360 Id
328 296 350 350 si
376 297 459 366 fieret,
483 297 650 365 intelligebat
675 313 774 365 magno
799 314 863 350 cum
887 301 1008 370 periculo

79 367 234 448 provinciae
258 366 385 436 futurum,
409 374 440 419 ut
463 366 586 420 homines
608 366 757 436 bellicosos,
781 367 872 437 populi
895 371 1008 426 Romani

80 436 221 508 inimicos,
231 436 298 489 locis
316 435 470 505 patentibus
487 437 662 505 maximeque
682 436 865 490 frumentariis
881 438 1008 495 finitimos

80 506 203 560 haberet.
232 506 274 559 Ob
287 522 334 556 eas
345 507 450 558 causas¹
463 506 488 557 ei
500 506 650 575 munitioni,
660 522 742 574 quam
751 506 860 577 fecerat,
870 508 903 560 Τ.
912 509 1007 563 Labie-

79 577 156 630 num²
167 576 287 644 legatum
295 574 440 644 pracfecit;
448 575 506 645 ipse
518 576 545 628 in
557 575 664 631 Italiam
676 577 782 644 magnis
793 576 933 631 itineribus
945 596 1008 633 con·

80 644 166 698 tendit
186 645 308 713 duasque
330 644 365 696 ibi
386 645 505 712 legiones
524 645 665 698 conscribit
685 653 713 698 et
734 655 794 715 tres,
813 663 883 716 quae
903 650 1008 704 circum

79 715 237 785 Aquileiam
257 713 413 767 hiemabant
440 730 475 768 err
492 714 612 768 hibernis
630 715 720 769 educit
738 724 765 768 et
782 733 837 785 qua
854 719 1007 786 proximum

79 785 130 838 iter
150 785 178 838 in
195 784 349 837 ulteriorem
362 751 479 836 Galliam
498 801 546 854 per
563 785 648 854 Alpes
666 793 730 853 erat,
743 802 806 839 cum
825 786 869 839 his
885 789 1007 857 quinque

79 852 229 922 legionibus
246 854 285 906 ire
303 852 448 906 contendit.
484 854 525 907 Ibi
538 854 683 906 Ceutrones
700 863 728 918 et
740 855 874 909 Graioceli
887 866 914 910 et
926 859 1006 912 Catu·

78 924 150 994 riges
161 923 227 976 locis
239 922 419 992 superioribus
430 923 568 992 occupatis
584 924 680 977 itinere
697 927 845 979 exercitum
863 927 1007 996 prohibere

78 1001 217 1047 conantur.
255 992 443 1061 Compluribus
459 993 503 1045 his
514 993 622 1062 proeliis
633 993 720 1063 pulsis
729 995 765 1048 ab
777 995 865 1066 Ocelo,
878 997 950 1117 <puori
962 1005 1005 1051 est

78 1063 208 1117 citerIoris
219 1061 383 1132 provinciae⁸
394 1071 553 1131 extremum,
562 1064 590 1116 in
598 1063 667 1115 fines
675 1064 864 1118 Vocontiorum
874 1082 890 1118 u
902 1066 1005 1120 terioris

76 1132 231 1203 provinciae
243 1132 288 1184 die
301 1133 414 1200 septimo
426 1133 555 1202 pervenit,
569 1131 632 1185 inde
648 1133 674 1186 in
691 1134 866 1202 Allobrogum
879 1135 955 1206 fines,
968 1136 1005 1190 ab

77 1202 266 1270 Allobrogibus
284 1201 312 1253 in
329 1201 489 1268 Segusiauos
508 1203 657 1254 exercitum
675 1202 757 1255 ducit.
794 1203 829 1256 Hi
847 1214 909 1258 sunt
928 1214 1004 1260 extra

76 1272 242 1342 provinciam
256 1279 327 1323 trans
338 1270 499 1324 Rhodanum
511 1271 599 1338 primi.

114 1348 154 1394 11.
173 1340 366 1410 Helvetiijam
387 1356 435 1410 per
452 1340 590 1406 angustias
607 1347 634 1391 et
651 1339 720 1391 fines
739 1340 921 1408 Sequanorum
940 1359 1007 1396 suas

75 1411 168 1481 copias
180 1410 351 1464 traduxerant
363 1417 390 1461 et
403 1411 430 1462 in
442 1409 600 1461 Aeduorum
618 1409 686 1461 fines
703 1420 879 1477 pervenerant
898 1427 1006 1466 eorum·

94 1498 128 1533 ue
137 1497 215 1550 agros
223 1479 427 1551 populabantur.
457 1478 553 1546 Aedui,
563 1495 648 1547 quum
661 1495 690 1530 se
703 1495 806 1547 suaque
817 1479 854 1532 ab
865 1480 898 1532 iis
909 1481 1004 1540 defen·¹

74 1497 139 1603 gere
165 1568 218 1603 non
243 1556 360 1630 possent,
385 1547 487 1616 legatos
513 1547 547 1599 ad
574 1549 718 1600 Caesarem
744 1548 854 1601 mittunt
880 1560 1002 1618 rogatum

73 1620 222 1673 auxilium:
241 1629 278 1671 rta
297 1635 325 1671 se
344 1618 417 1672 omni
435 1618 565 1686 tempore*
582 1617 617 1670 de
637 1617 734 1686 populo
754 1619 873 1670 Romano
891 1621 1002 1674 meritos

73 1707 143 1761 esse,
157 1699 187 1742 ut
199 1706 286 1759 paene
299 1688 325 1740 in
338 1695 483 1756 conspectu
495 1687 629 1739 exercitus
644 1687 724 1739 nostri
736 1689 793 1755 agri
805 1689 910 1760 vastari,
924 1688 1005 1744 liberi¹

72 1758 167 1812 eorum
179 1760 206 1813 in
219 1759 377 1812 servitutem
390 1756 498 1826 abduci,
511 1755 609 1826 oppida
626 1758 772 1826 expugnari
784 1774 837 1810 non
849 1758 1000 1814 debuerint.

72 1828 177 1882 Eodem
197 1837 317 1896 ternpore
336 1826 425 1879 Aedui
446 1825 590 1879 Ambarri⁵
608 1827 754 1879 necessarii
769 1836 796 1880 et
808 1830 1000 1898 consanguinei

70 1898 236 1967 Aeduorum,
251 1898 395 1951 Caesarem
407 1896 547 1969 certiorem
560 1866 662 1948 faciunt
674 1913 735 1949 sese
748 1897 917 1966 depopulatis
928 1900 1000 1966 agris

70 1983 124 2020 non
136 1967 216 2021 facile
229 1967 264 2019 ab
276 1966 379 2035 oppidis
388 1965 442 2018 virn
452 1965 569 2018 hostium
578 1963 728 2033 prohibere.
754 1966 824 2019 Item
832 1967 997 2038 Allobroges,

70 2037 118 2106 qui
131 2045 203 2089 trans
215 2036 373 2091 Rhodanum
387 2035 459 2087 vicos
511 2036 713 2103 ssessionesque
731 2035 875 2105 habebant,
888 2037 954 2106 suga
968 2054 998 2090 sa

70 2106 105 2159 ad
119 2107 263 2160 Caesarem
282 2104 412 2174 recipiunt
428 2112 455 2156 et
486 2111 649 2156 amonstrant
662 2105 713 2157 sibi
726 2113 831 2174 praeter
841 2106 898 2174 agri
910 2106 998 2159 solum

99 2287 200 2335 ¹'1'here
221 2303 282 2344 was,
301 2286 414 2347 properly
433 2285 561 2346 speaking,
582 2286 640 2345 only
658 2301 704 2334 one
723 2288 936 2347 cause-namely,
954 2288 996 2336 the

69 2345 161 2407 danger
171 2346 200 2393 of
212 2347 253 2394 the
270 2347 399 2405 province;
417 2347 461 2392 but
477 2345 530 2392 that
541 2345 641 2404 danger,
654 2346 733 2405 again,
747 2360 816 2393 arose
827 2345 890 2393 stom
905 2349 997 2396 several

69 2421 166 2461 causes,
178 2405 260 2453 which
272 2405 364 2453 Caesar
375 2404 419 2451 has
431 2403 578 2451 mentioned.

62 2536 64 2540 y
98 2478 180 2526 ¹'I'his
192 2494 248 2526 man
260 2479 307 2526 had
318 2480 380 2526 been
391 2477 487 2524 tribune
496 2474 524 2523 ol
532 2475 573 2523 the
584 2475 670 2535 people
681 2476 707 2523 in
718 2490 741 2523 a.
749 2490 771 2523 c.
779 2479 818 2533 63,
829 2477 876 2526 and
887 2493 902 2525 a
912 2485 998 2540 strong

68 2537 177 2597 partisan
193 2537 221 2585 ol
234 2537 340 2595 Caesar;
360 2537 404 2584 but
421 2534 571 2591 afterwards,
589 2535 677 2596 during
692 2535 734 2583 the
750 2535 807 2584 civil
822 2552 881 2596 war,
899 2537 929 2586 he
944 2554 996 2588 was

69 2611 159 2658 among
169 2596 208 2645 his
218 2597 330 2645 bitterest
342 2603 485 2655 opponente.

98 2669 108 2698 '
117 2668 246 2718 Provincia
256 2668 383 2718 citerioris
393 2667 475 2737 Galba
484 2667 617 2728 Cisalpina,
628 2667 654 2715 in
662 2667 704 2717 the
713 2669 784 2717 north
793 2668 822 2717 of
828 2669 901 2731 Italy,
913 2671 995 2718 where

67 2726 111 2776 the
122 2737 189 2776 town
199 2728 228 2776 cf
237 2729 342 2776 Ocelum
352 2743 404 2775 was
415 2728 530 2784 situated,
542 2737 565 2775 st
577 2727 671 2776 therer
696 2728 746 2776 scot
758 2728 786 2777 cf
793 2729 834 2777 the
844 2730 877 2776 Al
896 2746 915 2778 s.
939 2729 995 2777 The

68 2790 169 2836 ulterior
176 2790 301 2850 proveeta
310 2786 414 2856 was'the
425 2787 521 2834 Roman
529 2787 643 2846 province
652 2744 688 2856 oly
688 2788 753 2835 Gaul
763 2788 860 2848 beyond
869 2746 909 2836 the
919 2787 993 2847 Alps,

68 2847 116 2894 and
132 2847 174 2895 the
190 2863 258 2896 sarno
269 2846 351 2894 which
362 2862 383 2893 rs
394 2845 535 2907 commonly
546 2846 624 2895 called
639 2848 729 2907 simply
736 2850 862 2909 prouincia
872 2862 900 2894 or
910 2856 995 2895 nostro

70 2908 202 2967 procincta.
234 2906 362 2965 Seechap.
377 2909 396 2953 1.
1022 2911 1024 2916 ’

97 2977 233 3038 ⁴Name1y,
245 2993 302 3026 ever
313 2978 380 3025 since
391 2976 451 3036 they
459 2976 507 3023 had
518 2978 581 3023 been
592 2976 664 3024 allied
673 2976 732 3022 with
744 2975 786 3022 the
798 2976 915 3023 Romans.
938 2975 994 3024 The

69 3036 152 3086 Aedui
161 3053 227 3085 wera
243 3037 285 3084 the
301 3035 354 3084 first
370 3051 459 3095 among
475 3035 516 3082 the
529 3035 607 3082 Gauls
623 3035 676 3082 rhat
691 3035 791 3081 entered
802 3035 852 3082 into
864 3034 994 3096 asriendly

68 3095 171 3144 relation
181 3096 242 3146 with
254 3096 295 3144 the
308 3095 427 3151 Romans,
440 3097 484 3142 but
494 3104 519 3141 at
530 3095 597 3142 what
608 3093 667 3141 time
679 3092 699 3139 is
711 3101 752 3140 not
763 3092 862 3141 known.

97 3167 182 3216 ‘Ther
188 3170 217 3226 is,
227 3168 400 3226 tbeAnrbarri,
409 3165 465 3217 who
473 3166 597 3230 belonged
603 3164 911 3218 andwercrelatebtotne
919 3165 1013 3217 haus„

146 3241 188 3284 3*
