2146 3704
391 113 404 142 ·‘
462 115 631 193 stanam.
702 122 704 127 ’
839 71 844 80 ’
949 101 1006 161 187

69 227 167 300 operis
184 226 295 297 incitati,
313 242 366 282 nun
383 233 473 280 astate
490 226 628 297 consectis,
640 243 694 280 nou
711 227 876 298 mulieribus,
895 244 948 282 nou
966 229 1005 282 in·

69 297 198 358 lantibus
215 305 400 369 pepercerunt.
436 297 560 366 Denique
577 314 613 350 ex
628 297 701 350 omni
714 313 746 350 eo
758 314 877 366 numero,
910 299 937 352 ui
954 298 1005 352 fuit

69 366 184 422 circiter
194 385 240 422 xa.
253 368 367 438 milium,
379 367 426 420 vix
437 377 525 435 occo,
541 366 588 435 qui
610 382 702 435 promo
718 367 837 420 clamore
853 316 944 422 audito
973 385 1005 422 se

69 447 108 492 ex
126 437 227 510 oppido
245 437 386 508 ejecerant,
399 437 550 490 incolumes
566 435 602 489 ad
614 436 858 504 Vercingetorigem
876 453 1005 506 pervene-

68 515 145 561 runt.
183 508 256 567 Quos
272 508 325 577 ille,
344 507 430 561 multa
449 506 505 576 jam
525 515 611 576 nocte,
631 506 736 559 silentio
753 523 788 560 ex
805 506 870 574 suga
889 508 1002 577 excepit,

70 576 197 648 (veritus,
210 594 244 631 ne
256 577 349 648 quain
360 576 454 630 castris
466 592 501 629 ex
512 592 605 629 eorum
622 592 754 630 concursu
777 583 806 629 et
822 576 1005 631 misericordia

69 647 149 719 vulgi
169 646 264 719 seditio
283 647 404 726 oriretur)
415 654 452 717 ut,
466 645 557 716 procul
576 646 604 699 in
616 647 660 700 via
672 646 808 716 dispositis
824 646 1004 701 familiaribus

69 717 131 770 suis
141 717 361 790 principibusque
374 716 520 794 civitatum,
534 715 715 786 disparandos¹
728 716 955 785 deducendosque
967 715 1002 768 ad

70 801 138 909 εἷσε
155 796 267 858 curaret,
283 789 363 857 quael
383 787 481 856 cuique
501 786 604 839 civitati
624 803 686 857 pars
704 793 853 840 castrorum
872 787 907 840 ab
927 786 1002 840 initio

70 864 229 909 evenerat.

73 919 76 949 ³
107 929 152 978 29.
172 926 280 979 Postero
292 925 337 978 die
349 925 460 978 concilio
471 933 624 994 convocato,
633 924 784 978 consolatus
795 923 1001 994 cohortatusque

70 1003 122 1066 eet,
136 1011 172 1048 ne
184 1012 213 1048 se
225 994 372 1049 admodum
381 996 478 1048 'animo
495 994 687 1064 demitterent,⁸
698 1010 768 1046 neve
785 994 1002 1064 perturbarentur

70 1060 258 1119 incommodo:
277 1082 330 1118 non
341 1065 438 1118 virtute
457 1081 545 1133 neque
563 1064 590 1116 in
608 1064 669 1117 acie
681 1063 779 1116 vicisse
796 1064 937 1131 Romanos,
951 1062 1001 1116 sed

70 1133 184 1188 artificio
203 1133 320 1204 quodam
340 1144 368 1188 et
388 1134 501 1188 scientia
518 1133 730 1203 oppugnationis,
749 1131 827 1202 cujus
845 1133 883 1187 rei
902 1132 1001 1186 suerint

71 1202 124 1275 ipsi
141 1203 274 1274 imperiti:
294 1221 389 1273 errare,
403 1205 425 1256 si
444 1204 490 1272 qui
508 1204 536 1257 in
555 1203 625 1256 bello
644 1220 739 1256 omnes
757 1203 891 1257 secundos
911 1219 1000 1256 rerum

71 1281 217 1394 proventus
241 1282 413 1343 exspectent:
444 1272 494 1325 sibi
518 1289 666 1340 numquam
690 1272 832 1341 placuisse,
853 1272 1000 1325 Avaricum

90 1341 181 1396 efendi
212 1342 290 1413 cujus
310 1344 348 1395 rei
372 1350 455 1394 testes
469 1342 540 1410 ipsos
552 1340 681 1408 haberet3
705 1339 753 1393 sed
777 1340 881 1393 factum
901 1341 999 1408 impru·

71 1410 163 1466 dentia
182 1382 331 1480 biturigum
352 1419 379 1464 et
399 1411 484 1464 nimia
503 1409 678 1478 obsequentia
698 1408 869 1477 reliquorum,
888 1409 928 1462 uti
948 1407 1000 1462 hoo

71 1478 273 1535 incommodum
293 1481 473 1551 acciperetur:
500 1479 526 1532 id
548 1487 638 1531 tamen
658 1495 688 1531 se
708 1477 832 1531 celeriter
852 1477 999 1547 majoribus

71 1551 221 1605 commodis
233 1559 396 1604 sanaturum.
433 1551 513 1617 Nam,
527 1565 597 1618 quae
608 1549 644 1601 ab
656 1547 766 1616 reliquis
777 1546 862 1600 Gallis
876 1547 999 1600 civitates

71 1620 250 1691 dissentirent,
264 1619 314 1673 has
326 1637 374 1672 sua
386 1619 525 1689 diligentia
544 1617 734 1686 adiuncturum
745 1629 826 1686 atque
839 1633 924 1669 unum
935 1633 998 1668 eon·

70 1690 163 1744 silium
186 1692 265 1743 totius
288 1689 391 1743 Galliae
416 1689 585 1757 effecturum,
607 1687 685 1756 cujus
707 1685 849 1756 consensu⁴
869 1702 903 1738 ne
920 1684 999 1743 ¹orbis

71 1759 182 1830 quidem
201 1768 332 1814 terrarum
348 1758 431 1830 possit
448 1758 594 1812 obsistere:
613 1756 694 1826 idque
707 1773 737 1809 se
749 1771 830 1825 prope
847 1754 904 1824 jam
916 1754 998 1807 effec-

68 1835 129 1885 'turn
150 1829 259 1883 habere.
295 1830 401 1881 Interea
420 1845 538 1897 aequum
559 1844 627 1897 esse,
640 1828 676 1879 ab
688 1826 721 1879 iis
733 1824 884 1879 communis
904 1823 999 1878 salutis

70 1915 153 1954 causa
176 1898 319 1968 impetrari,
339 1906 368 1952 ut
391 1907 478 1952 castra
500 1898 605 1951 munire
625 1897 800 1966 instituerent,
819 1912 872 1965 quo
893 1894 999 1947 facilius

71 1969 223 2040 repentinos
235 1968 353 2021 hostium
365 1968 482 2038 impetus
494 1968 624 2021 sustinere
637 1975 754 2036 possent.

66 2057 69 2061 ¹
104 2045 147 2091 30.
167 2039 228 2092 Fuit
245 2037 314 2090 haec
329 2038 412 2090 oratio
424 2053 477 2090 non
490 2037 592 2104 ingrata
603 2036 694 2105 Gallis,
708 2034 835 2104 maxime,
848 2034 920 2102 quod
939 2033 997 2102 ipse

69 2109 160 2161 animo
178 2125 231 2160 non
249 2107 392 2174 deiecerat,
406 2115 479 2158 tanto
496 2114 607 2173 accepto
625 2104 794 2158 incommodo
815 2120 904 2171 neque
924 2120 953 2155 se
970 2102 997 2155 iu

69 2177 206 2232 occultum
217 2176 356 2230 obdiderat
368 2183 395 2228 et
407 2183 580 2242 conspectum
597 2173 775 2226 multitudinis
786 2142 906 2239 iugarat:
945 2172 997 2224 lus·

63 2255 122 2318 que
141 2247 232 2301 animo
253 2244 392 2316 providere
413 2253 440 2296 et
459 2243 621 2313 praesentire
643 2240 852 2309 existimabatur,
868 2257 903 2309 qu
941 2279 947 2308 ,
968 2257 997 2292 re

62 2316 190 2387 ‘integrm‘
198 2317 283 2387 primo
296 2313 495 2368 incendendum
507 2311 660 2381 Avaricum,
671 2318 730 2380 post
742 2308 923 2362 deserendum
935 2327 997 2362 cen·

97 2435 106 2462 ¹
116 2432 282 2493 Dirporondoa
286 2446 296 2487 ,·
312 2430 364 2476 that
376 2429 405 2483 is,
418 2427 562 2488 separandos
574 2438 600 2471 or
611 2423 795 2488 dispertiendos:
815 2419 860 2466 ‘he
872 2419 931 2487 took
942 2435 996 2468 care

69 2492 122 2540 that
133 2491 192 2550 they
202 2490 291 2538 should
302 2491 332 2537 be
344 2485 471 2594 seqarated
482 2482 611 2542 according
621 2492 646 2528 to
658 2480 699 2528 the
712 2481 788 2527 tribes
804 2478 921 2545 tolwhrch
937 2478 997 2546 they

69 2550 199 2610 belonged,
208 2549 254 2597 and
266 2549 319 2597 thot
330 2563 372 2596 eac
401 2544 489 2594 should
500 2545 530 2591 be
541 2542 653 2589 talento
664 2539 705 2587 the
716 2554 773 2587 men
784 2537 812 2586 of
819 2537 856 2585 his
867 2553 924 2585 own
933 2539 996 2585 tribe

69 2609 94 2656 in
105 2609 146 2657 the
158 2625 211 2656 curn
231 2609 245 2656 .’

97 2682 203 2730 ’Before
213 2625 275 2743 Iiletre
284 2696 321 2728 we
338 2688 404 2728 must
420 2676 508 2738 supply
519 2677 546 2724 in
562 2692 610 2723 eom
623 2682 723 2736 portem,
736 2670 825 2727 which,
838 2669 961 2727 however,
975 2669 996 2718 is

69 2740 168 2801 implied
179 2742 204 2789 in
214 2744 246 2788 od
256 2757 320 2789 euos.

97 2815 148 2863 'Se
158 2816 236 2862 animo
244 2816 365 2861 demittere
375 2811 396 2859 is
407 2809 448 2858 the
460 2824 527 2857 same
539 2824 566 2856 as
577 2809 681 2856 animum
691 2807 798 2867 objicere,
812 2809 852 2852 ‘to
863 2804 914 2851 lose
926 2817 995 2850 cour-

68 2876 130 2934 oge!
163 2874 295 2921 Admodum
305 2873 326 2920 is
339 2877 386 2931 ‘up
397 2880 422 2918 to
433 2885 448 2917 a
458 2868 549 2916 certain
560 2881 671 2915 measure
680 2866 696 2921 ;'
715 2864 762 2912 and
777 2864 834 2911 here
849 2868 896 2920 ‘up
912 2871 937 2908 to
954 2860 995 2908 the

68 2947 179 2981 mensure
191 2941 217 2980 to
228 2932 309 2979 which
320 2931 379 2991 they
391 2928 497 2988 actually
508 2925 607 2976 seemed
618 2934 644 2971 to
655 2924 706 2970 lose
717 2938 821 2983 courage
830 2922 847 2978 ;’
863 2921 941 2968 hence
955 2925 995 2967 ‘to

67 2993 128 3040 euch
139 3009 154 3040 a
164 2991 271 3051 degree'

96 3065 164 3113 ⁴For
174 3066 309 3119 consensui,
323 3079 364 3110 see
375 3063 407 3109 vi.
418 3065 457 3117 42,
470 3070 527 3107 note
539 3062 561 3105 5.

80 3199 84 3206 ι
95 3139 152 3186 ⁶1te
162 3140 266 3198 integro,
282 3135 378 3184 ‘before
389 3135 430 3182 the
442 3133 510 3182 affair
518 3132 534 3190 ς’
552 3131 604 3178 that
616 3128 646 3184 is,
659 3125 741 3176 before
752 3126 793 3175 the
805 3125 872 3186 siege
886 3122 914 3173 os
925 3124 992 3174 Avu-

66 3213 152 3246 rreum.
