2146 3704
458 117 549 158 arana
569 119 596 160 v.
937 106 993 166 143

66 221 240 298 praefecerat,
254 225 350 278 certior
361 234 402 279 est
414 225 508 295 sactus,
523 245 635 296 magnas
648 227 783 283 Gallorum
796 231 888 310 copias
899 248 989 286 earum

67 297 214 363 civitatum,
228 311 297 364 quae
310 297 473 348 Armoricael
484 297 657 366 appellantur,
671 299 840 366 oppugnandi
858 302 899 353 sui
912 319 990 354 causa

66 365 241 418 convenisse:
260 381 348 434 neque
372 363 474 433 longius
498 366 571 418 milia
594 383 722 435 passuum
741 385 803 420 v111.
822 367 857 422 ab
874 369 992 423 hibernis

66 436 121 487 suis
139 433 274 501 abluisse,
293 434 341 486 sed
358 435 455 486 nuncio
473 434 553 487 allato
572 435 606 488 de
624 436 734 488 victoria
751 437 879 508 Caesaris,
894 438 988 492 disces

66 504 141 571 sisse,
155 502 230 567 adeo,
244 512 273 554 ut
285 503 365 572 fugae
378 503 473 556 similis
485 503 620 557 discessus
631 505 775 559 videretur.

101 577 144 625 54.
163 575 198 624 At
211 573 315 642 Caesar,
329 573 493 642 principibus
505 574 636 644 cujusque
649 574 763 627 civrTatis
774 575 809 628 ad
822 593 851 628 se
865 577 990 646 evocatis,

65 642 132 694 alias
146 641 295 712 territando,
309 659 394 711 quum
406 659 435 694 se
448 642 522 710 scire,
536 661 606 712 quae
618 643 719 714 fierent,
733 644 912 714 denunciaret,
925 646 993 699 alias

66 709 234 779 cohortando,
248 728 376 780 magnam
388 719 491 780 partem
503 714 607 766 Galliae
619 713 645 766 in
659 714 747 766 officio
759 715 851 767 tenuit.
889 715 991 768 Tamen

66 781 193 847 Senones,
213 797 283 848 quae
308 790 348 833 est
372 781 465 833 civitas
489 783 516 836 in
539 784 632 852 primis
651 784 727 835 firma
745 792 772 837 et
791 801 906 853 magnae
924 785 993 837 inter

66 849 159 904 Gallos
176 851 347 919 auctoritatis,
361 850 528 921 Cavarinum,
542 869 624 920 quem
637 853 734 905 Caesar
746 855 817 923 apud
837 871 883 906 eos
901 871 991 923 regem

67 919 239 972 constituerat
263 919 352 989 (cujus
375 919 456 971 frater
478 920 649 991 Moritasgus,
674 922 801 975 adventu²
825 924 852 976 in
876 924 992 976 Galliam

68 988 196 1054 Caesaris,
216 988 344 1058 cujusque
369 987 484 1059 majores
507 1007 619 1058 regnum
641 991 820 1063 obtinuerant)
844 993 993 1046 interficere

67 1057 174 1128 publico
188 1057 297 1110 consilio
310 1059 404 1127 conati,
418 1076 500 1128 quum
514 1059 559 1112 ille
571 1061 763 1129 praesensisset
781 1078 813 1113 ac
824 1061 991 1130 profugisset,

66 1142 153 1196 usque
165 1127 200 1178 ad
212 1126 280 1178 fines
292 1127 413 1196 insecuti,
428 1145 507 1196 regno
520 1129 653 1198 domoque
672 1130 844 1198 expulerunt:
864 1140 891 1183 et
904 1130 993 1184 missis

67 1196 101 1249 ad
113 1195 258 1248 Caesarem
271 1197 464 1250 satisfaciundi³
477 1215 559 1250 causa
571 1199 673 1268 legatis,
688 1216 771 1267 quum
790 1200 813 1252 is
830 1217 939 1254 omnem
957 1198 992 1252 ad

68 1271 96 1318 s's
109 1274 235 1317 senatum
246 1265 338 1318 venire
349 1264 478 1334 jussisset,
488 1267 559 1319 dicto
567 1267 708 1319 audientes
720 1285 771 1321 non
784 1269 899 1321 fuerunt.
923 1271 993 1321 Tan·

67 1342 125 1387 tum
137 1335 209 1403 apud
222 1334 343 1386 homines
355 1334 480 1387 barbaros
492 1335 583 1404 valuit,
597 1353 657 1388 esse
675 1350 792 1404 repertos
809 1338 913 1405 aliquos
924 1338 993 1406 prin·

67 1404 151 1473 cipes⁴
168 1403 234 1456 belli
253 1403 393 1472 inferendi,
413 1412 569 1472 tantamque
588 1403 712 1456 omnibus
729 1404 896 1457 voluntatum
921 1422 992 1457 oom-

67 1473 243 1525 mutationem
261 1472 369 1542 attulit,⁶
380 1482 417 1540 ut,
431 1482 535 1541 praeter
547 1472 656 1525 Aeduos
674 1481 701 1524 et
713 1473 818 1541 Remos,
832 1490 899 1542 quos
916 1491 992 1543 prae-

67 1542 144 1610 cipuo
169 1559 277 1611 semper
294 1541 392 1594 honore
417 1543 514 1594 Caesar
537 1541 637 1610 habuit,
656 1542 752 1593 alteros
775 1559 821 1611 pro
846 1551 936 1596 vetere
960 1560 992 1594 ac

66 1619 196 1680 perpetua
214 1618 277 1679 er'ga
289 1610 415 1679 populum
428 1612 576 1664 Romanum
589 1610 650 1680 fide,
663 1610 760 1663 alteros
777 1629 823 1680 pro
841 1612 993 1664 recentibus

67 1679 164 1733 Gallici
187 1679 250 1734 belli
274 1680 377 1749 officiis,
402 1680 475 1732 nulla
499 1680 555 1732 fere
580 1680 673 1732 civitas
696 1680 775 1732 suerit
792 1696 843 1732 non
868 1689 991 1750 suspecta

67 1749 152 1801 nobis.
189 1748 272 1818 quue
291 1749 359 1800 adeo
378 1749 450 1801 haud
469 1749 523 1801 scio
542 1750 730 1802 mirandumne
749 1749 801 1818 sit,⁶
818 1766 903 1818 quum
921 1766 992 1802 com·

67 1818 187 1887 pluribus
204 1819 264 1871 aliis
282 1817 316 1869 de
335 1819 430 1888 causis,
452 1827 510 1871 turn
528 1819 654 1888 maxime,
669 1817 738 1887 quod
757 1819 802 1888 qui
814 1820 909 1872 virtute
928 1818 993 1872 belli

67 1888 192 1940 omnibus
215 1887 340 1955 gentibus
359 1888 583 1958 praeferebantur,
603 1897 706 1941 tantum
731 1905 759 1940 se
783 1888 842 1958 ejus
864 1889 993 1959 opinionis

68 1956 270 2026 deperdidisse,⁷
282 1964 311 2008 ut
323 1973 339 2008 a
351 1958 447 2028 populo
459 1959 577 2011 Romano
596 1959 709 2028 imperia
726 1958 881 2028 perferrent,
894 1958 992 2026 gravis·

68 2025 136 2078 sime
148 2025 284 2078 dolebant.

103 2099 144 2146 55.
163 2095 266 2148 Treviri
283 2111 345 2146 vero
362 2103 443 2163 atque
462 2095 666 2157 Indutiomarus¹
677 2096 757 2148 totius
773 2096 872 2148 hiemis
889 2096 993 2148 nullum

69 2170 176 2234 tempus
194 2164 399 2233 intermiserunt,
414 2165 477 2232 quin
496 2172 568 2215 trans
585 2164 708 2216 Rhenum
727 2165 829 2231 legatos
847 2165 991 2235 mitterent,

88 2324 104 2388 ,¹
114 2321 238 2369 Armorica
255 2320 391 2379 comprised
408 2321 501 2388 several
518 2321 601 2387 tribes,
615 2319 662 2366 and
679 2317 819 2422 apparently
830 2318 900 2365 those
912 2320 992 2368 which

70 2379 192 2428 inhabited
204 2380 245 2426 the
257 2379 356 2437 marshy
368 2379 414 2426 and
425 2379 502 2425 fertile
515 2378 621 2425 drstrrcts
633 2392 689 2424 neor
700 2387 709 2422 t
728 2392 741 2423 e
758 2393 809 2432 sen,
822 2379 935 2424 between
950 2378 992 2425 the

69 2438 143 2486 rivers
156 2438 228 2485 Scine
240 2438 287 2485 nud
298 2438 378 2485 Loire.

70 2569 84 2616 b
96 2513 106 2541 ¹
116 2511 181 2616 Tlpat
194 2511 224 2592 is,
240 2516 277 2558 ‘at
289 2510 330 2557 the
342 2511 401 2558 time
413 2509 441 2556 ol
451 2507 565 2556 Gnesnr’s
577 2506 663 2556 arrival
674 2507 699 2554 iu
711 2506 774 2554 Gaul
783 2506 800 2564 ;'
818 2505 914 2567 supply,
930 2506 991 2555 ‘had

86 2585 130 2618 een
161 2586 209 2630 mg.
523 2597 525 2600 -

98 2643 263 2703 'Sarissocere
273 2643 330 2690 here
343 2642 451 2703 signifies
465 2646 471 2667 ¹
480 2650 505 2688 to
516 2639 656 2699 apologiae!

97 2715 232 2777 *Princeps
245 2718 299 2763 belli
314 2717 435 2776 inserendi
445 2715 464 2762 is
476 2714 517 2760 the
529 2729 616 2773 person
627 2712 683 2760 who
693 2711 745 2760 first
757 2713 813 2760 stirs
824 2727 857 2772 up
869 2728 882 2760 a
893 2729 950 2760 war.

98 2789 221 2844 “Asterie
241 2788 281 2835 the
293 2789 387 2847 subject
401 2789 429 2835 ol'
441 2788 489 2834 this
501 2788 568 2841 verb,
582 2802 608 2832 as
626 2785 653 2832 of
667 2786 708 2833 the
725 2786 855 2846 preceding
871 2789 956 2843 noluit,
969 2786 990 2834 is

70 2845 111 2893 the
122 2847 204 2894 clause
217 2864 267 2894 esse
278 2856 379 2908 repertos
390 2849 482 2906 aliquos
491 2847 611 2907 principes
623 2847 677 2892 belli
687 2847 814 2906 inserendi.

98 2919 183 2965 ⁶'I'hat
195 2919 224 2974 is,
241 2919 301 2966 ‘and
313 2920 325 2966 Ι
337 2935 375 2966 arn
387 2935 449 2966 even
460 2918 564 2966 inclined
576 2928 600 2964 to
609 2918 708 2965 wonder
719 2927 743 2964 at
754 2917 821 2964 this!
848 2917 902 2963 The
910 2915 990 2964 whole

70 2978 210 3035 expression
222 2977 242 3024 is
254 2993 268 3023 a
278 2978 405 3025 rhetorical
422 2994 476 3033 one,
490 2977 581 3082 statinp
593 2977 616 3023 in
627 2991 641 3022 u
652 2975 763 3023 doubtful
778 2990 878 3022 manner
894 2974 946 3021 that
962 2973 990 3022 of

71 3035 150 3084 which
161 3053 175 3082 a
186 3051 272 3094 person
285 3037 305 3083 is
316 3036 432 3096 persectly
443 3037 558 3084 convince
578 3071 583 3082 .

98 3108 172 3155 'The
185 3105 301 3155 infinitive
313 3112 472 3169 deperdidisse
481 3108 589 3168 depends
600 3122 664 3164 upon
674 3108 794 3162 dolebant,·
813 3104 859 3153 and
876 3106 925 3166 ejus
942 3107 990 3168 opi·

70 3167 149 3216 aionis
161 3177 227 3215 must
238 3168 268 3214 be
280 3166 407 3226 explained
418 3170 452 3229 by
462 3186 487 3216 se
497 3171 586 3215 virtute
595 3166 650 3213 belli
661 3165 787 3227 praeferri.
