<?xml version="1.0" encoding="UTF-8"?>
<!DOCTYPE html PUBLIC "-//W3C//DTD XHTML 1.0 Transitional//EN"
    "http://www.w3.org/TR/xhtml1/DTD/xhtml1-transitional.dtd">
<html xmlns="http://www.w3.org/1999/xhtml" xml:lang="en" lang="en">
 <head>
  <title>
</title>
<meta http-equiv="Content-Type" content="text/html;charset=utf-8" />
  <meta name='ocr-system' content='tesseract 3.04.00' />
  <meta name='ocr-capabilities' content='ocr_page ocr_carea ocr_par ocr_line ocrx_word'/>
</head>
<body>
  <div class='ocr_page' id='page_1' title='image "./cjuliicaesarisc02caesgoog_0150.png"; bbox 0 0 2146 3704; ppageno 0'>
   <div class='ocr_carea' id='block_1_1' title="bbox 462 108 992 169">
    <p class='ocr_par' dir='ltr' id='par_1_1' title="bbox 462 108 992 169">
     <span class='ocr_line' id='line_1_1' title="bbox 462 108 992 169; baseline 0 -9"><span class='ocrx_word' id='word_1_1' title='bbox 462 119 555 161; x_wconf 79' lang='lat' dir='ltr'><strong>mann</strong></span> <span class='ocrx_word' id='word_1_2' title='bbox 574 121 602 161; x_wconf 82' lang='lat' dir='ltr'><strong>v.</strong></span> <span class='ocrx_word' id='word_1_3' title='bbox 683 157 686 160; x_wconf 79' lang='grc'>,</span> <span class='ocrx_word' id='word_1_4' title='bbox 936 108 992 169; x_wconf 83' lang='grc'><strong>141</strong></span> 
     </span>
    </p>
   </div>
   <div class='ocr_carea' id='block_1_2' title="bbox 65 225 1004 2448">
    <p class='ocr_par' dir='ltr' id='par_1_2' title="bbox 66 225 993 355">
     <span class='ocr_line' id='line_1_2' title="bbox 66 225 993 301; baseline 0.005 -16"><span class='ocrx_word' id='word_1_5' title='bbox 66 227 233 289; x_wconf 68' lang='grc' dir='ltr'><strong>,οιιΙεῖοτὶδιιε</strong></span> <span class='ocrx_word' id='word_1_6' title='bbox 252 225 280 279; x_wconf 92' lang='lat' dir='ltr'><strong>in</strong></span> <span class='ocrx_word' id='word_1_7' title='bbox 296 241 391 280; x_wconf 90' lang='lat' dir='ltr'><strong>omnes</strong></span> <span class='ocrx_word' id='word_1_8' title='bbox 409 237 499 297; x_wconf 89' lang='lat' dir='ltr'><strong>partes</strong></span> <span class='ocrx_word' id='word_1_9' title='bbox 518 228 643 299; x_wconf 82' lang='lat' dir='ltr'><strong>dimissis,</strong></span> <span class='ocrx_word' id='word_1_10' title='bbox 660 228 787 301; x_wconf 82' lang='lat' dir='ltr'>explorat,</span> <span class='ocrx_word' id='word_1_11' title='bbox 804 246 856 301; x_wconf 91' lang='lat' dir='ltr'><strong>quo</strong></span> <span class='ocrx_word' id='word_1_12' title='bbox 875 249 993 289; x_wconf 89' lang='lat' dir='ltr'><strong>commo·</strong></span> 
     </span>
     <span class='ocr_line' id='line_1_3' title="bbox 69 296 627 355; baseline -0.007 -1"><span class='ocrx_word' id='word_1_13' title='bbox 69 300 181 355; x_wconf 86' lang='lat' dir='ltr'><strong>dissime</strong></span> <span class='ocrx_word' id='word_1_14' title='bbox 193 297 289 351; x_wconf 89' lang='lat' dir='ltr'><strong>itinere</strong></span> <span class='ocrx_word' id='word_1_15' title='bbox 301 296 400 350; x_wconf 84' lang='lat' dir='ltr'><strong>vallem</strong></span> <span class='ocrx_word' id='word_1_16' title='bbox 413 297 524 350; x_wconf 89' lang='lat' dir='ltr'><strong>transire</strong></span> <span class='ocrx_word' id='word_1_17' title='bbox 572 297 627 351; x_wconf 92' lang='lat' dir='ltr'><strong>ssit.</strong></span> 
     </span>
    </p>

    <p class='ocr_par' dir='ltr' id='par_1_3' title="bbox 67 365 994 1199">
     <span class='ocr_line' id='line_1_4' title="bbox 102 365 991 445; baseline 0.006 -23"><span class='ocrx_word' id='word_1_18' title='bbox 102 374 145 422; x_wconf 79' lang='lat'><strong>50.</strong></span> <span class='ocrx_word' id='word_1_19' title='bbox 165 367 206 421; x_wconf 89' lang='lat' dir='ltr'><strong>Eo</strong></span> <span class='ocrx_word' id='word_1_20' title='bbox 225 366 277 435; x_wconf 91' lang='lat' dir='ltr'><strong>die,</strong></span> <span class='ocrx_word' id='word_1_21' title='bbox 290 365 408 435; x_wconf 84' lang='lat' dir='ltr'><strong>parvulis</strong></span> <span class='ocrx_word' id='word_1_22' title='bbox 424 367 539 445; x_wconf 77' lang='lat' dir='ltr'><strong>equestri</strong></span> <span class='ocrx_word' id='word_1_23' title='bbox 558 384 591 419; x_wconf 90' lang='lat' dir='ltr'><strong>us</strong></span> <span class='ocrx_word' id='word_1_24' title='bbox 625 365 712 420; x_wconf 90' lang='lat' dir='ltr'><strong>roeliis</strong></span> <span class='ocrx_word' id='word_1_25' title='bbox 729 368 764 422; x_wconf 95' lang='lat' dir='ltr'><strong>ad</strong></span> <span class='ocrx_word' id='word_1_26' title='bbox 782 373 888 438; x_wconf 85' lang='lat' dir='ltr'><strong>aquam¹</strong></span> <span class='ocrx_word' id='word_1_27' title='bbox 906 371 991 445; x_wconf 85' lang='lat' dir='ltr'><strong>iactis,</strong></span> 
     </span>
     <span class='ocr_line' id='line_1_5' title="bbox 68 384 992 513; baseline 0.002 -20"><span class='ocrx_word' id='word_1_28' title='bbox 68 438 173 508; x_wconf 88' lang='lat' dir='ltr'><strong>utrique</strong></span> <span class='ocrx_word' id='word_1_29' title='bbox 184 452 247 489; x_wconf 89' lang='lat' dir='ltr'><strong>sese</strong></span> <span class='ocrx_word' id='word_1_30' title='bbox 260 452 308 487; x_wconf 89' lang='lat' dir='ltr'><strong>suo</strong></span> <span class='ocrx_word' id='word_1_31' title='bbox 320 435 378 488; x_wconf 93' lang='lat' dir='ltr'><strong>loco</strong></span> <span class='ocrx_word' id='word_1_32' title='bbox 390 445 540 489; x_wconf 79' lang='lat' dir='ltr'><strong>continent:</strong></span> <span class='ocrx_word' id='word_1_33' title='bbox 559 384 637 505; x_wconf 79' lang='lat' dir='ltr'><strong>catii,</strong></span> <span class='ocrx_word' id='word_1_34' title='bbox 651 436 721 505; x_wconf 91' lang='lat' dir='ltr'><strong>quod</strong></span> <span class='ocrx_word' id='word_1_35' title='bbox 735 438 879 507; x_wconf 88' lang='lat' dir='ltr'><strong>ampliores</strong></span> <span class='ocrx_word' id='word_1_36' title='bbox 894 458 925 494; x_wconf 93' lang='lat' dir='ltr'><strong>co</strong></span> <span class='ocrx_word' id='word_1_37' title='bbox 944 443 992 513; x_wconf 90' lang='lat' dir='ltr'><strong>ias,</strong></span> 
     </span>
     <span class='ocr_line' id='line_1_6' title="bbox 67 460 993 588; baseline 0.004 -28"><span class='ocrx_word' id='word_1_38' title='bbox 67 525 137 588; x_wconf 89' lang='lat' dir='ltr'><strong>quae</strong></span> <span class='ocrx_word' id='word_1_39' title='bbox 161 505 282 559; x_wconf 89' lang='lat' dir='ltr'><strong>nondum</strong></span> <span class='ocrx_word' id='word_1_40' title='bbox 304 513 491 574; x_wconf 85' lang='lat' dir='ltr'><strong>convenerant,</strong></span> <span class='ocrx_word' id='word_1_41' title='bbox 511 504 719 575; x_wconf 71' lang='lat' dir='ltr'><strong>exspectabant,</strong></span> <span class='ocrx_word' id='word_1_42' title='bbox 742 508 858 578; x_wconf 75' lang='lat' dir='ltr'><strong>Caesar,l</strong></span> <span class='ocrx_word' id='word_1_43' title='bbox 881 509 904 562; x_wconf 88' lang='lat' dir='ltr'><strong>si</strong></span> <span class='ocrx_word' id='word_1_44' title='bbox 926 460 993 565; x_wconf 59' lang='lat' dir='ltr'><strong>forte</strong></span> 
     </span>
     <span class='ocr_line' id='line_1_7' title="bbox 68 573 993 650; baseline 0.004 -20"><span class='ocrx_word' id='word_1_45' title='bbox 68 577 171 630; x_wconf 85' lang='lat' dir='ltr'><strong>timoris</strong></span> <span class='ocrx_word' id='word_1_46' title='bbox 189 573 359 627; x_wconf 81' lang='lat' dir='ltr'><strong>simulatione</strong></span> <span class='ocrx_word' id='word_1_47' title='bbox 377 574 469 626; x_wconf 89' lang='lat' dir='ltr'><strong>hostes</strong></span> <span class='ocrx_word' id='word_1_48' title='bbox 486 575 514 626; x_wconf 93' lang='lat' dir='ltr'><strong>in</strong></span> <span class='ocrx_word' id='word_1_49' title='bbox 532 591 612 627; x_wconf 90' lang='lat' dir='ltr'><strong>suum</strong></span> <span class='ocrx_word' id='word_1_50' title='bbox 629 574 719 628; x_wconf 89' lang='lat' dir='ltr'><strong>locum</strong></span> <span class='ocrx_word' id='word_1_51' title='bbox 738 575 835 629; x_wconf 85' lang='lat' dir='ltr'><strong>elicere</strong></span> <span class='ocrx_word' id='word_1_52' title='bbox 888 588 950 650; x_wconf 90' lang='lat' dir='ltr'><strong>sset,</strong></span> <span class='ocrx_word' id='word_1_53' title='bbox 963 588 993 634; x_wconf 92' lang='lat' dir='ltr'><strong>ut</strong></span> 
     </span>
     <span class='ocr_line' id='line_1_8' title="bbox 67 643 994 714; baseline 0.003 -14"><span class='ocrx_word' id='word_1_54' title='bbox 67 647 135 700; x_wconf 88' lang='lat' dir='ltr'><strong>citra</strong></span> <span class='ocrx_word' id='word_1_55' title='bbox 148 644 248 698; x_wconf 88' lang='lat' dir='ltr'><strong>vallem</strong></span> <span class='ocrx_word' id='word_1_56' title='bbox 260 660 306 712; x_wconf 91' lang='lat' dir='ltr'><strong>pro</strong></span> <span class='ocrx_word' id='word_1_57' title='bbox 319 645 412 696; x_wconf 90' lang='lat' dir='ltr'><strong>castris</strong></span> <span class='ocrx_word' id='word_1_58' title='bbox 423 644 525 712; x_wconf 82' lang='lat' dir='ltr'><strong>&#39;proelio</strong></span> <span class='ocrx_word' id='word_1_59' title='bbox 537 643 710 697; x_wconf 85' lang='lat' dir='ltr'><strong>contenderet</strong></span> <span class='ocrx_word' id='word_1_60' title='bbox 717 662 725 714; x_wconf 80' lang='lat'>3</span> <span class='ocrx_word' id='word_1_61' title='bbox 745 646 768 698; x_wconf 91' lang='lat' dir='ltr'><strong>si</strong></span> <span class='ocrx_word' id='word_1_62' title='bbox 780 645 807 699; x_wconf 92' lang='lat' dir='ltr'><strong>id</strong></span> <span class='ocrx_word' id='word_1_63' title='bbox 820 663 835 699; x_wconf 91' lang='lat' dir='ltr'><strong>e</strong></span> <span class='ocrx_word' id='word_1_64' title='bbox 867 665 928 701; x_wconf 90' lang='lat' dir='ltr'><strong>cere</strong></span> <span class='ocrx_word' id='word_1_65' title='bbox 941 666 994 704; x_wconf 90' lang='lat' dir='ltr'><strong>non</strong></span> 
     </span>
     <span class='ocr_line' id='line_1_9' title="bbox 67 712 994 786; baseline 0.003 -18"><span class='ocrx_word' id='word_1_66' title='bbox 67 724 165 786; x_wconf 87' lang='lat' dir='ltr'><strong>posset,</strong></span> <span class='ocrx_word' id='word_1_67' title='bbox 185 723 214 767; x_wconf 92' lang='lat' dir='ltr'><strong>ut</strong></span> <span class='ocrx_word' id='word_1_68' title='bbox 233 712 375 782; x_wconf 83' lang='lat' dir='ltr'><strong>exploratis</strong></span> <span class='ocrx_word' id='word_1_69' title='bbox 398 712 538 766; x_wconf 85' lang='lat' dir='ltr'><strong>itineribus</strong></span> <span class='ocrx_word' id='word_1_70' title='bbox 557 712 658 765; x_wconf 89' lang='lat' dir='ltr'><strong>minore</strong></span> <span class='ocrx_word' id='word_1_71' title='bbox 676 731 740 767; x_wconf 92' lang='lat' dir='ltr'><strong>cum</strong></span> <span class='ocrx_word' id='word_1_72' title='bbox 757 715 875 784; x_wconf 86' lang='lat' dir='ltr'><strong>periculo</strong></span> <span class='ocrx_word' id='word_1_73' title='bbox 893 717 994 772; x_wconf 84' lang='lat' dir='ltr'><strong>vallem</strong></span> 
     </span>
     <span class='ocr_line' id='line_1_10' title="bbox 68 781 994 853; baseline 0.003 -16"><span class='ocrx_word' id='word_1_74' title='bbox 68 785 210 853; x_wconf 86' lang='lat' dir='ltr'><strong>rivumque</strong></span> <span class='ocrx_word' id='word_1_75' title='bbox 225 782 357 835; x_wconf 83' lang='lat' dir='ltr'><strong>transiret.</strong></span> <span class='ocrx_word' id='word_1_76' title='bbox 394 781 482 849; x_wconf 81' lang='lat' dir='ltr'><strong>Prima</strong></span> <span class='ocrx_word' id='word_1_77' title='bbox 496 781 557 834; x_wconf 89' lang='lat' dir='ltr'><strong>luce</strong></span> <span class='ocrx_word' id='word_1_78' title='bbox 575 781 693 836; x_wconf 91' lang='lat' dir='ltr'><strong>hostium</strong></span> <span class='ocrx_word' id='word_1_79' title='bbox 705 785 839 853; x_wconf 87' lang='lat' dir='ltr'><strong>equitatus</strong></span> <span class='ocrx_word' id='word_1_80' title='bbox 855 785 890 839; x_wconf 91' lang='lat' dir='ltr'><strong>ad</strong></span> <span class='ocrx_word' id='word_1_81' title='bbox 905 797 994 840; x_wconf 88' lang='lat' dir='ltr'><strong>castra</strong></span> 
     </span>
     <span class='ocr_line' id='line_1_11' title="bbox 67 851 993 922; baseline 0.004 -16"><span class='ocrx_word' id='word_1_82' title='bbox 67 852 174 906; x_wconf 86' lang='lat' dir='ltr'><strong>accedit</strong></span> <span class='ocrx_word' id='word_1_83' title='bbox 186 851 371 922; x_wconf 88' lang='lat' dir='ltr'><strong>proeliumque</strong></span> <span class='ocrx_word' id='word_1_84' title='bbox 382 867 446 903; x_wconf 89' lang='lat' dir='ltr'><strong>cum</strong></span> <span class='ocrx_word' id='word_1_85' title='bbox 457 852 553 904; x_wconf 86' lang='lat' dir='ltr'><strong>nostris</strong></span> <span class='ocrx_word' id='word_1_86' title='bbox 563 851 697 921; x_wconf 90' lang='lat' dir='ltr'><strong>equitibus</strong></span> <span class='ocrx_word' id='word_1_87' title='bbox 708 855 860 908; x_wconf 89' lang='lat' dir='ltr'><strong>committit.</strong></span> <span class='ocrx_word' id='word_1_88' title='bbox 895 857 993 910; x_wconf 83' lang='lat' dir='ltr'><strong>Caesar</strong></span> 
     </span>
     <span class='ocr_line' id='line_1_12' title="bbox 68 920 993 1004; baseline 0.005 -28"><span class='ocrx_word' id='word_1_89' title='bbox 68 922 188 977; x_wconf 87' lang='lat' dir='ltr'><strong>consulto</strong></span> <span class='ocrx_word' id='word_1_90' title='bbox 200 921 305 991; x_wconf 87' lang='lat' dir='ltr'><strong>equites</strong></span> <span class='ocrx_word' id='word_1_91' title='bbox 316 920 414 972; x_wconf 85' lang='lat' dir='ltr'><strong>cedere</strong></span> <span class='ocrx_word' id='word_1_92' title='bbox 427 937 510 989; x_wconf 88' lang='lat' dir='ltr'><strong>seque</strong></span> <span class='ocrx_word' id='word_1_93' title='bbox 528 921 555 974; x_wconf 91' lang='lat' dir='ltr'><strong>in</strong></span> <span class='ocrx_word' id='word_1_94' title='bbox 573 932 659 974; x_wconf 86' lang='lat' dir='ltr'><strong>castra</strong></span> <span class='ocrx_word' id='word_1_95' title='bbox 670 923 788 992; x_wconf 89' lang='lat' dir='ltr'><strong>recipere</strong></span> <span class='ocrx_word' id='word_1_96' title='bbox 798 923 892 1004; x_wconf 78' lang='lat' dir='ltr'><strong>jubet3</strong></span> <span class='ocrx_word' id='word_1_97' title='bbox 911 926 993 980; x_wconf 91' lang='lat' dir='ltr'><strong>simul</strong></span> 
     </span>
     <span class='ocr_line' id='line_1_13' title="bbox 68 989 992 1065; baseline 0.004 -20"><span class='ocrx_word' id='word_1_98' title='bbox 68 1008 102 1045; x_wconf 83' lang='lat' dir='ltr'><strong>ex</strong></span> <span class='ocrx_word' id='word_1_99' title='bbox 119 991 245 1044; x_wconf 90' lang='lat' dir='ltr'><strong>omnibus</strong></span> <span class='ocrx_word' id='word_1_100' title='bbox 267 989 388 1060; x_wconf 87' lang='lat' dir='ltr'><strong>partibus</strong></span> <span class='ocrx_word' id='word_1_101' title='bbox 411 999 497 1042; x_wconf 85' lang='lat' dir='ltr'><strong>castra</strong></span> <span class='ocrx_word' id='word_1_102' title='bbox 520 990 613 1042; x_wconf 84' lang='lat' dir='ltr'><strong>altiore</strong></span> <span class='ocrx_word' id='word_1_103' title='bbox 636 991 706 1044; x_wconf 90' lang='lat' dir='ltr'><strong>vallo</strong></span> <span class='ocrx_word' id='word_1_104' title='bbox 728 994 827 1046; x_wconf 83' lang='lat' dir='ltr'><strong>muniri</strong></span> <span class='ocrx_word' id='word_1_105' title='bbox 850 1003 992 1065; x_wconf 84' lang='lat' dir='ltr'><strong>portasque</strong></span> 
     </span>
     <span class='ocr_line' id='line_1_14' title="bbox 67 1057 992 1131; baseline 0.005 -18"><span class='ocrx_word' id='word_1_106' title='bbox 67 1060 169 1115; x_wconf 87' lang='lat' dir='ltr'><strong>obstrui</strong></span> <span class='ocrx_word' id='word_1_107' title='bbox 181 1069 262 1130; x_wconf 89' lang='lat' dir='ltr'><strong>atque</strong></span> <span class='ocrx_word' id='word_1_108' title='bbox 274 1061 301 1112; x_wconf 92' lang='lat' dir='ltr'><strong>in</strong></span> <span class='ocrx_word' id='word_1_109' title='bbox 314 1057 356 1110; x_wconf 89' lang='lat' dir='ltr'><strong>his</strong></span> <span class='ocrx_word' id='word_1_110' title='bbox 371 1058 590 1113; x_wconf 83' lang='lat' dir='ltr'><strong>administrandis</strong></span> <span class='ocrx_word' id='word_1_111' title='bbox 607 1060 688 1113; x_wconf 89' lang='lat' dir='ltr'><strong>rebus</strong></span> <span class='ocrx_word' id='word_1_112' title='bbox 702 1078 783 1131; x_wconf 87' lang='lat' dir='ltr'><strong>quam</strong></span> <span class='ocrx_word' id='word_1_113' title='bbox 797 1064 916 1116; x_wconf 80' lang='lat' dir='ltr'><strong>maxime</strong></span> <span class='ocrx_word' id='word_1_114' title='bbox 930 1082 992 1118; x_wconf 88' lang='lat' dir='ltr'><strong>con·</strong></span> 
     </span>
     <span class='ocr_line' id='line_1_15' title="bbox 67 1128 739 1199; baseline -0.001 -15"><span class='ocrx_word' id='word_1_115' title='bbox 67 1129 177 1184; x_wconf 75' lang='lat' dir='ltr'><strong>cursari’</strong></span> <span class='ocrx_word' id='word_1_116' title='bbox 189 1138 216 1182; x_wconf 92' lang='lat' dir='ltr'><strong>et</strong></span> <span class='ocrx_word' id='word_1_117' title='bbox 228 1145 292 1181; x_wconf 92' lang='lat' dir='ltr'><strong>cum</strong></span> <span class='ocrx_word' id='word_1_118' title='bbox 303 1128 472 1181; x_wconf 86' lang='lat' dir='ltr'><strong>simulatione</strong></span> <span class='ocrx_word' id='word_1_119' title='bbox 486 1129 588 1182; x_wconf 89' lang='lat' dir='ltr'><strong>timoris</strong></span> <span class='ocrx_word' id='word_1_120' title='bbox 598 1129 642 1198; x_wconf 90' lang='lat' dir='ltr'><strong>agi</strong></span> <span class='ocrx_word' id='word_1_121' title='bbox 653 1129 739 1199; x_wconf 89' lang='lat' dir='ltr'><strong>jubet.</strong></span> 
     </span>
    </p>

    <p class='ocr_par' dir='ltr' id='par_1_4' title="bbox 67 1198 992 1484">
     <span class='ocr_line' id='line_1_16' title="bbox 102 1198 992 1272; baseline 0.004 -20"><span class='ocrx_word' id='word_1_122' title='bbox 102 1205 145 1252; x_wconf 83' lang='lat'><strong>51.</strong></span> <span class='ocrx_word' id='word_1_123' title='bbox 165 1198 270 1259; x_wconf 80' lang='lat' dir='ltr'><strong>Quibus</strong></span> <span class='ocrx_word' id='word_1_124' title='bbox 292 1198 417 1251; x_wconf 89' lang='lat' dir='ltr'><strong>omnibus</strong></span> <span class='ocrx_word' id='word_1_125' title='bbox 441 1198 520 1250; x_wconf 89' lang='lat' dir='ltr'><strong>rebus</strong></span> <span class='ocrx_word' id='word_1_126' title='bbox 548 1198 639 1252; x_wconf 90' lang='lat' dir='ltr'><strong>hostes</strong></span> <span class='ocrx_word' id='word_1_127' title='bbox 667 1199 771 1253; x_wconf 87' lang='lat' dir='ltr'><strong>invitati</strong></span> <span class='ocrx_word' id='word_1_128' title='bbox 795 1201 885 1272; x_wconf 85' lang='lat' dir='ltr'><strong>copias</strong></span> <span class='ocrx_word' id='word_1_129' title='bbox 908 1211 992 1257; x_wconf 88' lang='lat' dir='ltr'><strong>trans·</strong></span> 
     </span>
     <span class='ocr_line' id='line_1_17' title="bbox 67 1267 992 1337; baseline 0.004 -15"><span class='ocrx_word' id='word_1_130' title='bbox 67 1268 167 1322; x_wconf 91' lang='lat' dir='ltr'><strong>ducunt</strong></span> <span class='ocrx_word' id='word_1_131' title='bbox 183 1268 326 1336; x_wconf 88' lang='lat' dir='ltr'><strong>aciemque</strong></span> <span class='ocrx_word' id='word_1_132' title='bbox 342 1267 432 1335; x_wconf 91' lang='lat' dir='ltr'><strong>iniquo</strong></span> <span class='ocrx_word' id='word_1_133' title='bbox 449 1268 506 1318; x_wconf 93' lang='lat' dir='ltr'><strong>loco</strong></span> <span class='ocrx_word' id='word_1_134' title='bbox 522 1270 683 1320; x_wconf 89' lang='lat' dir='ltr'><strong>constituunt</strong></span> <span class='ocrx_word' id='word_1_135' title='bbox 691 1285 699 1337; x_wconf 75' lang='lat'>5</span> <span class='ocrx_word' id='word_1_136' title='bbox 716 1270 812 1323; x_wconf 91' lang='lat' dir='ltr'><strong>nostris</strong></span> <span class='ocrx_word' id='word_1_137' title='bbox 827 1288 890 1323; x_wconf 89' lang='lat' dir='ltr'><strong>vero</strong></span> <span class='ocrx_word' id='word_1_138' title='bbox 909 1273 992 1326; x_wconf 89' lang='lat' dir='ltr'><strong>etiam</strong></span> 
     </span>
     <span class='ocr_line' id='line_1_18' title="bbox 67 1335 992 1405; baseline 0.003 -15"><span class='ocrx_word' id='word_1_139' title='bbox 67 1339 101 1390; x_wconf 93' lang='lat' dir='ltr'><strong>de</strong></span> <span class='ocrx_word' id='word_1_140' title='bbox 113 1338 185 1390; x_wconf 81' lang='lat' dir='ltr'><strong>vallo</strong></span> <span class='ocrx_word' id='word_1_141' title='bbox 197 1336 327 1403; x_wconf 90' lang='lat' dir='ltr'><strong>deductis,</strong></span> <span class='ocrx_word' id='word_1_142' title='bbox 342 1336 449 1405; x_wconf 91' lang='lat' dir='ltr'><strong>propius</strong></span> <span class='ocrx_word' id='word_1_143' title='bbox 463 1335 595 1388; x_wconf 90' lang='lat' dir='ltr'><strong>accedunt</strong></span> <span class='ocrx_word' id='word_1_144' title='bbox 613 1344 640 1388; x_wconf 91' lang='lat' dir='ltr'><strong>et</strong></span> <span class='ocrx_word' id='word_1_145' title='bbox 657 1337 711 1389; x_wconf 88' lang='lat' dir='ltr'><strong>tela</strong></span> <span class='ocrx_word' id='word_1_146' title='bbox 728 1339 797 1390; x_wconf 86' lang='lat' dir='ltr'><strong>intra</strong></span> <span class='ocrx_word' id='word_1_147' title='bbox 814 1341 992 1394; x_wconf 89' lang='lat' dir='ltr'><strong>munitionem</strong></span> 
     </span>
     <span class='ocr_line' id='line_1_19' title="bbox 67 1404 992 1484; baseline 0.001 -23"><span class='ocrx_word' id='word_1_148' title='bbox 67 1424 101 1461; x_wconf 85' lang='lat' dir='ltr'><strong>ex</strong></span> <span class='ocrx_word' id='word_1_149' title='bbox 112 1406 238 1460; x_wconf 88' lang='lat' dir='ltr'><strong>omnibus</strong></span> <span class='ocrx_word' id='word_1_150' title='bbox 250 1405 369 1484; x_wconf 87' lang='lat' dir='ltr'><strong>partibus</strong></span> <span class='ocrx_word' id='word_1_151' title='bbox 381 1404 541 1474; x_wconf 82' lang='lat' dir='ltr'><strong>conjiciuut3</strong></span> <span class='ocrx_word' id='word_1_152' title='bbox 555 1406 785 1475; x_wconf 84' lang='lat' dir='ltr'><strong>praeconibusque</strong></span> <span class='ocrx_word' id='word_1_153' title='bbox 797 1407 992 1462; x_wconf 87' lang='lat' dir='ltr'><strong>circummissis</strong></span> 
     </span>
    </p>

    <p class='ocr_par' dir='ltr' id='par_1_5' title="bbox 66 1473 1004 2102">
     <span class='ocr_line' id='line_1_20' title="bbox 85 1473 991 1545; baseline 0.002 -16"><span class='ocrx_word' id='word_1_154' title='bbox 85 1476 233 1529; x_wconf 88' lang='lat' dir='ltr'><strong>renunciari</strong></span> <span class='ocrx_word' id='word_1_155' title='bbox 250 1476 352 1545; x_wconf 82' lang='lat' dir='ltr'><strong>Jubent,</strong></span> <span class='ocrx_word' id='word_1_156' title='bbox 367 1491 416 1527; x_wconf 91' lang='lat' dir='ltr'><strong>seu</strong></span> <span class='ocrx_word' id='word_1_157' title='bbox 433 1475 494 1543; x_wconf 89' lang='lat' dir='ltr'><strong>quis</strong></span> <span class='ocrx_word' id='word_1_158' title='bbox 512 1473 612 1544; x_wconf 85' lang='lat' dir='ltr'><strong>Gallus,</strong></span> <span class='ocrx_word' id='word_1_159' title='bbox 627 1490 676 1526; x_wconf 89' lang='lat' dir='ltr'><strong>seu</strong></span> <span class='ocrx_word' id='word_1_160' title='bbox 693 1474 829 1527; x_wconf 87' lang='lat' dir='ltr'><strong>Romanus</strong></span> <span class='ocrx_word' id='word_1_161' title='bbox 846 1475 911 1530; x_wconf 83' lang='lat' dir='ltr'><strong>velit</strong></span> <span class='ocrx_word' id='word_1_162' title='bbox 927 1485 991 1531; x_wconf 88' lang='lat' dir='ltr'><strong>ante</strong></span> 
     </span>
     <span class='ocr_line' id='line_1_21' title="bbox 66 1494 991 1616; baseline 0.002 -17"><span class='ocrx_word' id='word_1_163' title='bbox 66 1494 161 1599; x_wconf 68' lang='lat' dir='ltr'><strong>iotam</strong></span> <span class='ocrx_word' id='word_1_164' title='bbox 176 1547 286 1599; x_wconf 89' lang='lat' dir='ltr'><strong>tertiam</strong></span> <span class='ocrx_word' id='word_1_165' title='bbox 303 1544 338 1596; x_wconf 92' lang='lat' dir='ltr'><strong>ad</strong></span> <span class='ocrx_word' id='word_1_166' title='bbox 359 1561 389 1597; x_wconf 90' lang='lat' dir='ltr'><strong>se</strong></span> <span class='ocrx_word' id='word_1_167' title='bbox 407 1543 527 1612; x_wconf 86' lang='lat' dir='ltr'><strong>transire,</strong></span> <span class='ocrx_word' id='word_1_168' title='bbox 547 1543 605 1596; x_wconf 87' lang='lat' dir='ltr'><strong>sine</strong></span> <span class='ocrx_word' id='word_1_169' title='bbox 623 1544 741 1612; x_wconf 87' lang='lat' dir='ltr'><strong>periculo</strong></span> <span class='ocrx_word' id='word_1_170' title='bbox 765 1543 863 1614; x_wconf 85' lang='lat' dir='ltr'><strong>licere;</strong></span> <span class='ocrx_word' id='word_1_171' title='bbox 886 1555 945 1616; x_wconf 88' lang='lat' dir='ltr'><strong>post</strong></span> <span class='ocrx_word' id='word_1_172' title='bbox 963 1545 991 1601; x_wconf 92' lang='lat' dir='ltr'><strong>id</strong></span> 
     </span>
     <span class='ocr_line' id='line_1_22' title="bbox 69 1613 991 1686; baseline 0.001 -18"><span class='ocrx_word' id='word_1_173' title='bbox 69 1622 174 1685; x_wconf 89' lang='lat' dir='ltr'><strong>tempus</strong></span> <span class='ocrx_word' id='word_1_174' title='bbox 190 1631 244 1673; x_wconf 87' lang='lat' dir='ltr'><strong>nou</strong></span> <span class='ocrx_word' id='word_1_175' title='bbox 258 1613 313 1667; x_wconf 86' lang='lat' dir='ltr'><strong>lore</strong></span> <span class='ocrx_word' id='word_1_176' title='bbox 331 1621 504 1682; x_wconf 87' lang='lat' dir='ltr'><strong>potestatem:</strong></span> <span class='ocrx_word' id='word_1_177' title='bbox 525 1629 557 1665; x_wconf 89' lang='lat' dir='ltr'><strong>ac</strong></span> <span class='ocrx_word' id='word_1_178' title='bbox 574 1613 612 1666; x_wconf 90' lang='lat' dir='ltr'><strong>sic</strong></span> <span class='ocrx_word' id='word_1_179' title='bbox 628 1621 729 1665; x_wconf 89' lang='lat' dir='ltr'><strong>nostros</strong></span> <span class='ocrx_word' id='word_1_180' title='bbox 743 1622 949 1686; x_wconf 84' lang='lat' dir='ltr'><strong>contemserunt,</strong></span> <span class='ocrx_word' id='word_1_181' title='bbox 962 1624 991 1669; x_wconf 91' lang='lat' dir='ltr'><strong>ut</strong></span> 
     </span>
     <span class='ocr_line' id='line_1_23' title="bbox 66 1682 991 1755; baseline 0.002 -18"><span class='ocrx_word' id='word_1_182' title='bbox 66 1685 211 1739; x_wconf 88' lang='lat' dir='ltr'><strong>obstructis</strong></span> <span class='ocrx_word' id='word_1_183' title='bbox 226 1685 252 1737; x_wconf 91' lang='lat' dir='ltr'><strong>in</strong></span> <span class='ocrx_word' id='word_1_184' title='bbox 265 1683 384 1753; x_wconf 87' lang='lat' dir='ltr'><strong>speciem</strong></span> <span class='ocrx_word' id='word_1_185' title='bbox 396 1682 478 1752; x_wconf 87' lang='lat' dir='ltr'><strong>portis</strong></span> <span class='ocrx_word' id='word_1_186' title='bbox 494 1682 605 1750; x_wconf 88' lang='lat' dir='ltr'><strong>singulis</strong></span> <span class='ocrx_word' id='word_1_187' title='bbox 616 1682 753 1735; x_wconf 91' lang='lat' dir='ltr'><strong>ordinibus</strong></span> <span class='ocrx_word' id='word_1_188' title='bbox 765 1684 905 1754; x_wconf 84' lang='lat' dir='ltr'><strong>cespitum,</strong></span> <span class='ocrx_word' id='word_1_189' title='bbox 919 1685 991 1755; x_wconf 88' lang='lat' dir='ltr'><strong>quod</strong></span> 
     </span>
     <span class='ocr_line' id='line_1_24' title="bbox 67 1751 990 1834; baseline 0.001 -27"><span class='ocrx_word' id='word_1_190' title='bbox 67 1756 108 1807; x_wconf 74' lang='lat' dir='ltr'><strong>ea*</strong></span> <span class='ocrx_word' id='word_1_191' title='bbox 121 1771 174 1808; x_wconf 91' lang='lat' dir='ltr'><strong>non</strong></span> <span class='ocrx_word' id='word_1_192' title='bbox 187 1771 266 1834; x_wconf 88' lang='lat' dir='ltr'><strong>posse</strong></span> <span class='ocrx_word' id='word_1_193' title='bbox 280 1755 470 1821; x_wconf 90' lang='lat' dir='ltr'><strong>introrumpere</strong></span> <span class='ocrx_word' id='word_1_194' title='bbox 480 1751 645 1822; x_wconf 88' lang='lat' dir='ltr'><strong>videbantur,</strong></span> <span class='ocrx_word' id='word_1_195' title='bbox 655 1753 701 1805; x_wconf 91' lang='lat' dir='ltr'><strong>alii</strong></span> <span class='ocrx_word' id='word_1_196' title='bbox 715 1753 816 1805; x_wconf 88' lang='lat' dir='ltr'><strong>vallum</strong></span> <span class='ocrx_word' id='word_1_197' title='bbox 826 1770 910 1806; x_wconf 89' lang='lat' dir='ltr'><strong>manu</strong></span> <span class='ocrx_word' id='word_1_198' title='bbox 921 1755 990 1808; x_wconf 89' lang='lat' dir='ltr'><strong>scin·</strong></span> 
     </span>
     <span class='ocr_line' id='line_1_25' title="bbox 67 1822 991 1894; baseline 0.002 -18"><span class='ocrx_word' id='word_1_199' title='bbox 67 1823 138 1894; x_wconf 91' lang='lat' dir='ltr'><strong>dere,</strong></span> <span class='ocrx_word' id='word_1_200' title='bbox 152 1824 200 1876; x_wconf 84' lang='lat' dir='ltr'><strong>alii</strong></span> <span class='ocrx_word' id='word_1_201' title='bbox 218 1824 304 1876; x_wconf 80' lang='lat' dir='ltr'><strong>fossas</strong></span> <span class='ocrx_word' id='word_1_202' title='bbox 321 1822 456 1892; x_wconf 86' lang='lat' dir='ltr'><strong>complere</strong></span> <span class='ocrx_word' id='word_1_203' title='bbox 472 1822 629 1890; x_wconf 88' lang='lat' dir='ltr'><strong>inciperent.</strong></span> <span class='ocrx_word' id='word_1_204' title='bbox 665 1823 735 1875; x_wconf 87' lang='lat' dir='ltr'><strong>Turn</strong></span> <span class='ocrx_word' id='word_1_205' title='bbox 748 1824 853 1892; x_wconf 87' lang='lat' dir='ltr'><strong>Caesar,</strong></span> <span class='ocrx_word' id='word_1_206' title='bbox 866 1824 991 1878; x_wconf 87' lang='lat' dir='ltr'><strong>omnibus</strong></span> 
     </span>
     <span class='ocr_line' id='line_1_26' title="bbox 66 1891 991 1973; baseline 0.001 -27"><span class='ocrx_word' id='word_1_207' title='bbox 66 1895 147 1973; x_wconf 88' lang='lat' dir='ltr'><strong>portis</strong></span> <span class='ocrx_word' id='word_1_208' title='bbox 160 1894 298 1962; x_wconf 89' lang='lat' dir='ltr'><strong>eruptione</strong></span> <span class='ocrx_word' id='word_1_209' title='bbox 310 1891 382 1943; x_wconf 86' lang='lat' dir='ltr'><strong>facta</strong></span> <span class='ocrx_word' id='word_1_210' title='bbox 399 1891 571 1960; x_wconf 89' lang='lat' dir='ltr'><strong>equitatuque</strong></span> <span class='ocrx_word' id='word_1_211' title='bbox 587 1893 694 1962; x_wconf 89' lang='lat' dir='ltr'><strong>emisso,</strong></span> <span class='ocrx_word' id='word_1_212' title='bbox 707 1892 830 1946; x_wconf 90' lang='lat' dir='ltr'><strong>celeriter</strong></span> <span class='ocrx_word' id='word_1_213' title='bbox 841 1893 933 1947; x_wconf 89' lang='lat' dir='ltr'><strong>hostes</strong></span> <span class='ocrx_word' id='word_1_214' title='bbox 944 1895 991 1947; x_wconf 89' lang='lat' dir='ltr'><strong>dat</strong></span> 
     </span>
     <span class='ocr_line' id='line_1_27' title="bbox 67 1961 991 2032; baseline -0.001 -16"><span class='ocrx_word' id='word_1_215' title='bbox 67 1979 92 2016; x_wconf 85' lang='lat' dir='ltr'><strong>tn</strong></span> <span class='ocrx_word' id='word_1_216' title='bbox 111 1963 224 2032; x_wconf 81' lang='lat' dir='ltr'><strong>iugram,</strong></span> <span class='ocrx_word' id='word_1_217' title='bbox 244 1963 290 2030; x_wconf 88' lang='lat' dir='ltr'><strong>sic,</strong></span> <span class='ocrx_word' id='word_1_218' title='bbox 307 1961 346 2013; x_wconf 93' lang='lat' dir='ltr'><strong>uti</strong></span> <span class='ocrx_word' id='word_1_219' title='bbox 366 1963 473 2013; x_wconf 92' lang='lat' dir='ltr'><strong>omnino</strong></span> <span class='ocrx_word' id='word_1_220' title='bbox 491 1961 626 2031; x_wconf 91' lang='lat' dir='ltr'><strong>pugnandi</strong></span> <span class='ocrx_word' id='word_1_221' title='bbox 643 1979 726 2016; x_wconf 90' lang='lat' dir='ltr'><strong>causa</strong></span> <span class='ocrx_word' id='word_1_222' title='bbox 743 1963 878 2017; x_wconf 87' lang='lat' dir='ltr'><strong>resisteret</strong></span> <span class='ocrx_word' id='word_1_223' title='bbox 896 1980 991 2032; x_wconf 72' lang='lat' dir='ltr'><strong>nemo,</strong></span> 
     </span>
     <span class='ocr_line' id='line_1_28' title="bbox 66 2031 1004 2102; baseline -0.003 -15"><span class='ocrx_word' id='word_1_224' title='bbox 66 2048 251 2101; x_wconf 89' lang='lat' dir='ltr'><strong>magnumque</strong></span> <span class='ocrx_word' id='word_1_225' title='bbox 263 2049 298 2084; x_wconf 83' lang='lat' dir='ltr'><strong>ex</strong></span> <span class='ocrx_word' id='word_1_226' title='bbox 310 2031 350 2082; x_wconf 89' lang='lat' dir='ltr'><strong>eis</strong></span> <span class='ocrx_word' id='word_1_227' title='bbox 361 2047 505 2082; x_wconf 89' lang='lat' dir='ltr'><strong>numerum</strong></span> <span class='ocrx_word' id='word_1_228' title='bbox 513 2031 610 2098; x_wconf 87' lang='lat' dir='ltr'><strong>occidit</strong></span> <span class='ocrx_word' id='word_1_229' title='bbox 619 2041 699 2102; x_wconf 87' lang='lat' dir='ltr'><strong>atque</strong></span> <span class='ocrx_word' id='word_1_230' title='bbox 708 2049 802 2085; x_wconf 90' lang='lat' dir='ltr'><strong>omnes</strong></span> <span class='ocrx_word' id='word_1_231' title='bbox 814 2034 896 2085; x_wconf 89' lang='lat' dir='ltr'><strong>armis</strong></span> <span class='ocrx_word' id='word_1_232' title='bbox 908 2032 1004 2086; x_wconf 85' lang='lat' dir='ltr'><strong>exuit..</strong></span> 
     </span>
    </p>

    <p class='ocr_par' dir='ltr' id='par_1_6' title="bbox 65 2100 992 2448">
     <span class='ocr_line' id='line_1_29' title="bbox 101 2100 990 2171; baseline -0.001 -16"><span class='ocrx_word' id='word_1_233' title='bbox 101 2107 143 2155; x_wconf 79' lang='lat'><strong>52.</strong></span> <span class='ocrx_word' id='word_1_234' title='bbox 164 2101 280 2169; x_wconf 88' lang='lat' dir='ltr'><strong>Longius</strong></span> <span class='ocrx_word' id='word_1_235' title='bbox 292 2100 415 2169; x_wconf 88' lang='lat' dir='ltr'><strong>prosequi</strong></span> <span class='ocrx_word' id='word_1_236' title='bbox 429 2100 535 2167; x_wconf 88' lang='lat' dir='ltr'><strong>veritus,</strong></span> <span class='ocrx_word' id='word_1_237' title='bbox 549 2100 618 2168; x_wconf 94' lang='lat' dir='ltr'><strong>quod</strong></span> <span class='ocrx_word' id='word_1_238' title='bbox 638 2103 721 2154; x_wconf 88' lang='lat' dir='ltr'><strong>silvae</strong></span> <span class='ocrx_word' id='word_1_239' title='bbox 733 2100 899 2171; x_wconf 86' lang='lat' dir='ltr'><strong>paludesque</strong></span> <span class='ocrx_word' id='word_1_240' title='bbox 911 2102 990 2155; x_wconf 92' lang='lat' dir='ltr'><strong>inter-</strong></span> 
     </span>
     <span class='ocr_line' id='line_1_30' title="bbox 67 2167 992 2239; baseline -0.001 -14"><span class='ocrx_word' id='word_1_241' title='bbox 67 2171 208 2239; x_wconf 89' lang='lat' dir='ltr'><strong>cedebant,</strong></span> <span class='ocrx_word' id='word_1_242' title='bbox 229 2186 317 2239; x_wconf 88' lang='lat' dir='ltr'><strong>neque</strong></span> <span class='ocrx_word' id='word_1_243' title='bbox 343 2169 426 2220; x_wconf 85' lang='lat' dir='ltr'><strong>etiam</strong></span> <span class='ocrx_word' id='word_1_244' title='bbox 451 2167 560 2237; x_wconf 87' lang='lat' dir='ltr'><strong>parvulo</strong></span> <span class='ocrx_word' id='word_1_245' title='bbox 587 2167 745 2221; x_wconf 90' lang='lat' dir='ltr'><strong>detrimento</strong></span> <span class='ocrx_word' id='word_1_246' title='bbox 773 2169 877 2222; x_wconf 86' lang='lat' dir='ltr'><strong>illorum</strong></span> <span class='ocrx_word' id='word_1_247' title='bbox 901 2171 992 2224; x_wconf 89' lang='lat' dir='ltr'><strong>locum</strong></span> 
     </span>
     <span class='ocr_line' id='line_1_31' title="bbox 66 2236 991 2310; baseline 0 -18"><span class='ocrx_word' id='word_1_248' title='bbox 66 2241 180 2310; x_wconf 92' lang='lat' dir='ltr'><strong>relinqui</strong></span> <span class='ocrx_word' id='word_1_249' title='bbox 193 2239 320 2308; x_wconf 79' lang='lat' dir='ltr'><strong>videbat,⁶</strong></span> <span class='ocrx_word' id='word_1_250' title='bbox 330 2236 455 2289; x_wconf 91' lang='lat' dir='ltr'><strong>omnibus</strong></span> <span class='ocrx_word' id='word_1_251' title='bbox 471 2236 527 2288; x_wconf 89' lang='lat' dir='ltr'><strong>suis</strong></span> <span class='ocrx_word' id='word_1_252' title='bbox 542 2236 720 2290; x_wconf 90' lang='lat' dir='ltr'><strong>incolumibus</strong></span> <span class='ocrx_word' id='word_1_253' title='bbox 732 2237 815 2306; x_wconf 90' lang='lat' dir='ltr'><strong>copiis</strong></span> <span class='ocrx_word' id='word_1_254' title='bbox 836 2238 933 2291; x_wconf 91' lang='lat' dir='ltr'><strong>eodem</strong></span> <span class='ocrx_word' id='word_1_255' title='bbox 945 2239 991 2292; x_wconf 90' lang='lat' dir='ltr'><strong>die</strong></span> 
     </span>
     <span class='ocr_line' id='line_1_32' title="bbox 65 2275 991 2377; baseline -0.002 -14"><span class='ocrx_word' id='word_1_256' title='bbox 65 2307 100 2370; x_wconf 79' lang='lat' dir='ltr'><strong>ad</strong></span> <span class='ocrx_word' id='word_1_257' title='bbox 119 2311 278 2363; x_wconf 89' lang='lat' dir='ltr'><strong>Ciceronem</strong></span> <span class='ocrx_word' id='word_1_258' title='bbox 295 2307 425 2377; x_wconf 89' lang='lat' dir='ltr'><strong>pervenit.</strong></span> <span class='ocrx_word' id='word_1_259' title='bbox 461 2306 600 2358; x_wconf 87' lang='lat' dir='ltr'><strong>Institutas</strong></span> <span class='ocrx_word' id='word_1_260' title='bbox 623 2315 708 2359; x_wconf 89' lang='lat' dir='ltr'><strong>turres</strong></span> <span class='ocrx_word' id='word_1_261' title='bbox 735 2275 884 2359; x_wconf 79' lang='lat' dir='ltr'><strong>testudines</strong></span> <span class='ocrx_word' id='word_1_262' title='bbox 903 2309 991 2361; x_wconf 90' lang='lat' dir='ltr'><strong>muni·</strong></span> 
     </span>
     <span class='ocr_line' id='line_1_33' title="bbox 65 2345 989 2448; baseline -0.004 -15"><span class='ocrx_word' id='word_1_263' title='bbox 65 2379 207 2448; x_wconf 90' lang='lat' dir='ltr'><strong>tionesque</strong></span> <span class='ocrx_word' id='word_1_264' title='bbox 231 2377 349 2432; x_wconf 90' lang='lat' dir='ltr'><strong>hostium</strong></span> <span class='ocrx_word' id='word_1_265' title='bbox 372 2375 531 2428; x_wconf 87' lang='lat' dir='ltr'><strong>admiratur:</strong></span> <span class='ocrx_word' id='word_1_266' title='bbox 557 2374 685 2443; x_wconf 88' lang='lat' dir='ltr'><strong>producta</strong></span> <span class='ocrx_word' id='word_1_267' title='bbox 708 2345 824 2443; x_wconf 78' lang='lat' dir='ltr'><strong>legione⁰</strong></span> <span class='ocrx_word' id='word_1_268' title='bbox 846 2377 989 2448; x_wconf 87' lang='lat' dir='ltr'><strong>cognoscit,</strong></span> 
     </span>
    </p>
   </div>
   <div class='ocr_carea' id='block_1_3' title="bbox 65 2553 992 2739">
    <p class='ocr_par' dir='ltr' id='par_1_7' title="bbox 65 2553 992 2739">
     <span class='ocr_line' id='line_1_34' title="bbox 95 2553 992 2617; baseline -0.002 -12"><span class='ocrx_word' id='word_1_269' title='bbox 95 2557 156 2606; x_wconf 85' lang='lat' dir='ltr'><strong>¹Ad</strong></span> <span class='ocrx_word' id='word_1_270' title='bbox 165 2574 268 2617; x_wconf 63' lang='lat' dir='ltr'><strong>aquam</strong></span> <span class='ocrx_word' id='word_1_271' title='bbox 286 2556 340 2603; x_wconf 89' lang='lat' dir='ltr'><strong>that</strong></span> <span class='ocrx_word' id='word_1_272' title='bbox 353 2555 382 2610; x_wconf 89' lang='lat' dir='ltr'><strong>is,</strong></span> <span class='ocrx_word' id='word_1_273' title='bbox 396 2569 453 2601; x_wconf 91' lang='lat' dir='ltr'><strong>near</strong></span> <span class='ocrx_word' id='word_1_274' title='bbox 464 2553 506 2601; x_wconf 88' lang='lat' dir='ltr'><strong>the</strong></span> <span class='ocrx_word' id='word_1_275' title='bbox 522 2553 585 2601; x_wconf 87' lang='lat' dir='ltr'><strong>river</strong></span> <span class='ocrx_word' id='word_1_276' title='bbox 596 2563 621 2600; x_wconf 94' lang='lat' dir='ltr'><strong>to</strong></span> <span class='ocrx_word' id='word_1_277' title='bbox 632 2554 713 2601; x_wconf 88' lang='lat' dir='ltr'><strong>which</strong></span> <span class='ocrx_word' id='word_1_278' title='bbox 725 2553 766 2602; x_wconf 91' lang='lat' dir='ltr'><strong>the</strong></span> <span class='ocrx_word' id='word_1_279' title='bbox 783 2553 885 2602; x_wconf 88' lang='lat' dir='ltr'><strong>soldiers</strong></span> <span class='ocrx_word' id='word_1_280' title='bbox 902 2554 949 2603; x_wconf 85' lang='lat' dir='ltr'><strong>had</strong></span> <span class='ocrx_word' id='word_1_281' title='bbox 965 2564 992 2604; x_wconf 91' lang='lat' dir='ltr'><strong>to</strong></span> 
     </span>
     <span class='ocr_line' id='line_1_35' title="bbox 65 2612 992 2680; baseline -0.003 -15"><span class='ocrx_word' id='word_1_282' title='bbox 65 2632 97 2680; x_wconf 82' lang='lat' dir='ltr'><strong>go</strong></span> <span class='ocrx_word' id='word_1_283' title='bbox 119 2626 145 2664; x_wconf 93' lang='lat' dir='ltr'><strong>to</strong></span> <span class='ocrx_word' id='word_1_284' title='bbox 167 2616 265 2675; x_wconf 90' lang='lat' dir='ltr'><strong>provide</strong></span> <span class='ocrx_word' id='word_1_285' title='bbox 287 2614 437 2662; x_wconf 89' lang='lat' dir='ltr'><strong>themselves</strong></span> <span class='ocrx_word' id='word_1_286' title='bbox 455 2612 515 2661; x_wconf 88' lang='lat' dir='ltr'><strong>with</strong></span> <span class='ocrx_word' id='word_1_287' title='bbox 533 2624 622 2671; x_wconf 86' lang='lat' dir='ltr'><strong>water;</strong></span> <span class='ocrx_word' id='word_1_288' title='bbox 645 2613 681 2661; x_wconf 94' lang='lat' dir='ltr'><strong>sor</strong></span> <span class='ocrx_word' id='word_1_289' title='bbox 702 2614 743 2661; x_wconf 90' lang='lat' dir='ltr'><strong>the</strong></span> <span class='ocrx_word' id='word_1_290' title='bbox 766 2612 875 2662; x_wconf 90' lang='lat' dir='ltr'><strong>Romans</strong></span> <span class='ocrx_word' id='word_1_291' title='bbox 893 2614 992 2677; x_wconf 86' lang='lat' dir='ltr'><strong>usually</strong></span> 
     </span>
     <span class='ocr_line' id='line_1_36' title="bbox 65 2675 579 2739; baseline -0.01 -15"><span class='ocrx_word' id='word_1_292' title='bbox 65 2675 166 2739; x_wconf 88' lang='lat' dir='ltr'><strong>pitched</strong></span> <span class='ocrx_word' id='word_1_293' title='bbox 177 2675 241 2723; x_wconf 90' lang='lat' dir='ltr'><strong>their</strong></span> <span class='ocrx_word' id='word_1_294' title='bbox 251 2690 320 2733; x_wconf 84' lang='lat' dir='ltr'><strong>camp</strong></span> <span class='ocrx_word' id='word_1_295' title='bbox 332 2690 390 2722; x_wconf 86' lang='lat' dir='ltr'><strong>near</strong></span> <span class='ocrx_word' id='word_1_296' title='bbox 401 2689 469 2721; x_wconf 90' lang='lat' dir='ltr'><strong>some</strong></span> <span class='ocrx_word' id='word_1_297' title='bbox 480 2682 579 2720; x_wconf 85' lang='lat' dir='ltr'><strong>stream.</strong></span> 
     </span>
    </p>
   </div>
   <div class='ocr_carea' id='block_1_4' title="bbox 95 2745 991 3073">
    <p class='ocr_par' dir='ltr' id='par_1_8' title="bbox 95 2745 857 2811">
     <span class='ocr_line' id='line_1_37' title="bbox 95 2745 857 2811; baseline -0.003 -15"><span class='ocrx_word' id='word_1_298' title='bbox 95 2751 105 2778; x_wconf 90' lang='lat'><strong>¹</strong></span> <span class='ocrx_word' id='word_1_299' title='bbox 117 2749 225 2805; x_wconf 65' lang='lat' dir='ltr'><strong>Caesam</strong></span> <span class='ocrx_word' id='word_1_300' title='bbox 244 2748 332 2808; x_wconf 90' lang='lat' dir='ltr'><strong>supply</strong></span> <span class='ocrx_word' id='word_1_301' title='bbox 343 2748 404 2795; x_wconf 91' lang='lat' dir='ltr'><strong>srorn</strong></span> <span class='ocrx_word' id='word_1_302' title='bbox 413 2747 457 2811; x_wconf 86' lang='lat' dir='ltr'><strong>the</strong></span> <span class='ocrx_word' id='word_1_303' title='bbox 469 2745 601 2806; x_wconf 88' lang='lat' dir='ltr'><strong>preceding</strong></span> <span class='ocrx_word' id='word_1_304' title='bbox 612 2745 694 2794; x_wconf 89' lang='lat' dir='ltr'><strong>clause</strong></span> <span class='ocrx_word' id='word_1_305' title='bbox 705 2749 857 2809; x_wconf 72' lang='lat' dir='ltr'><strong>exspectabat.</strong></span> 
     </span>
    </p>

    <p class='ocr_par' dir='ltr' id='par_1_9' title="bbox 97 2819 989 2955">
     <span class='ocr_line' id='line_1_38' title="bbox 97 2819 989 2880; baseline -0.001 -11"><span class='ocrx_word' id='word_1_306' title='bbox 97 2824 106 2850; x_wconf 82' lang='lat'><strong>³</strong></span> <span class='ocrx_word' id='word_1_307' title='bbox 118 2822 268 2869; x_wconf 73' lang='lat' dir='ltr'><strong>Comorsare</strong></span> <span class='ocrx_word' id='word_1_308' title='bbox 277 2820 394 2880; x_wconf 87' lang='lat' dir='ltr'><strong>signifies,</strong></span> <span class='ocrx_word' id='word_1_309' title='bbox 411 2825 450 2867; x_wconf 88' lang='lat' dir='ltr'><strong>‘to</strong></span> <span class='ocrx_word' id='word_1_310' title='bbox 461 2835 506 2868; x_wconf 89' lang='lat' dir='ltr'><strong>run</strong></span> <span class='ocrx_word' id='word_1_311' title='bbox 516 2820 590 2867; x_wconf 87' lang='lat' dir='ltr'><strong>about</strong></span> <span class='ocrx_word' id='word_1_312' title='bbox 602 2819 660 2868; x_wconf 88' lang='lat' dir='ltr'><strong>here</strong></span> <span class='ocrx_word' id='word_1_313' title='bbox 671 2820 719 2868; x_wconf 86' lang='lat' dir='ltr'><strong>and</strong></span> <span class='ocrx_word' id='word_1_314' title='bbox 730 2821 799 2869; x_wconf 89' lang='lat' dir='ltr'><strong>there</strong></span> <span class='ocrx_word' id='word_1_315' title='bbox 811 2821 835 2868; x_wconf 91' lang='lat' dir='ltr'><strong>in</strong></span> <span class='ocrx_word' id='word_1_316' title='bbox 847 2820 989 2869; x_wconf 65' lang='lat' dir='ltr'><strong>confusion!</strong></span> 
     </span>
     <span class='ocr_line' id='line_1_39' title="bbox 97 2893 365 2955; baseline -0.011 -12"><span class='ocrx_word' id='word_1_317' title='bbox 97 2894 154 2943; x_wconf 74' lang='lat' dir='ltr'><strong>‘Eo</strong></span> <span class='ocrx_word' id='word_1_318' title='bbox 163 2911 174 2950; x_wconf 90' lang='lat'><strong>,·</strong></span> <span class='ocrx_word' id='word_1_319' title='bbox 192 2893 280 2953; x_wconf 89' lang='lat' dir='ltr'><strong>supply</strong></span> <span class='ocrx_word' id='word_1_320' title='bbox 289 2903 365 2955; x_wconf 89' lang='lat' dir='ltr'><strong>porte.</strong></span> 
     </span>
    </p>

    <p class='ocr_par' dir='ltr' id='par_1_10' title="bbox 98 2961 991 3073">
     <span class='ocr_line' id='line_1_40' title="bbox 98 2961 991 3073; baseline 0 -59"><span class='ocrx_word' id='word_1_321' title='bbox 98 2967 174 3014; x_wconf 66' lang='lat' dir='ltr'><strong>⁶The</strong></span> <span class='ocrx_word' id='word_1_322' title='bbox 190 2967 305 3073; x_wconf 64' lang='lat' dir='ltr'><strong>meaninq</strong></span> <span class='ocrx_word' id='word_1_323' title='bbox 320 2966 348 3013; x_wconf 84' lang='lat' dir='ltr'><strong>of</strong></span> <span class='ocrx_word' id='word_1_324' title='bbox 360 2966 409 3014; x_wconf 89' lang='lat' dir='ltr'><strong>this</strong></span> <span class='ocrx_word' id='word_1_325' title='bbox 425 2965 507 3013; x_wconf 82' lang='lat' dir='ltr'><strong>clause</strong></span> <span class='ocrx_word' id='word_1_326' title='bbox 523 2981 603 3013; x_wconf 87' lang='lat' dir='ltr'><strong>seems</strong></span> <span class='ocrx_word' id='word_1_327' title='bbox 614 2975 640 3012; x_wconf 92' lang='lat' dir='ltr'><strong>to</strong></span> <span class='ocrx_word' id='word_1_328' title='bbox 650 2967 695 3013; x_wconf 86' lang='lat' dir='ltr'><strong>be:</strong></span> <span class='ocrx_word' id='word_1_329' title='bbox 713 2965 744 3013; x_wconf 91' lang='lat' dir='ltr'><strong>he</strong></span> <span class='ocrx_word' id='word_1_330' title='bbox 759 2980 811 3014; x_wconf 83' lang='lat' dir='ltr'><strong>saw</strong></span> <span class='ocrx_word' id='word_1_331' title='bbox 822 2964 883 3020; x_wconf 87' lang='lat' dir='ltr'><strong>that,</strong></span> <span class='ocrx_word' id='word_1_332' title='bbox 897 2979 959 3013; x_wconf 85' lang='lat' dir='ltr'><strong>even</strong></span> <span class='ocrx_word' id='word_1_333' title='bbox 969 2961 991 3014; x_wconf 81' lang='lat' dir='ltr'><strong>it</strong></span> 
     </span>
    </p>
   </div>
   <div class='ocr_carea' id='block_1_5' title="bbox 68 3023 993 3145">
    <p class='ocr_par' dir='ltr' id='par_1_11' title="bbox 68 3023 993 3145">
     <span class='ocr_line' id='line_1_41' title="bbox 68 3023 993 3087; baseline 0.001 -14"><span class='ocrx_word' id='word_1_334' title='bbox 68 3027 102 3077; x_wconf 90' lang='lat' dir='ltr'><strong>he</strong></span> <span class='ocrx_word' id='word_1_335' title='bbox 114 3041 178 3073; x_wconf 86' lang='lat' dir='ltr'><strong>were</strong></span> <span class='ocrx_word' id='word_1_336' title='bbox 189 3034 215 3072; x_wconf 94' lang='lat' dir='ltr'><strong>to</strong></span> <span class='ocrx_word' id='word_1_337' title='bbox 226 3027 288 3073; x_wconf 86' lang='lat' dir='ltr'><strong>aban</strong></span> <span class='ocrx_word' id='word_1_338' title='bbox 305 3041 336 3072; x_wconf 91' lang='lat' dir='ltr'><strong>on</strong></span> <span class='ocrx_word' id='word_1_339' title='bbox 348 3025 386 3073; x_wconf 92' lang='lat' dir='ltr'><strong>his</strong></span> <span class='ocrx_word' id='word_1_340' title='bbox 397 3025 502 3084; x_wconf 89' lang='lat' dir='ltr'><strong>position</strong></span> <span class='ocrx_word' id='word_1_341' title='bbox 519 3040 575 3072; x_wconf 88' lang='lat' dir='ltr'><strong>now</strong></span> <span class='ocrx_word' id='word_1_342' title='bbox 587 3027 669 3078; x_wconf 81' lang='lat' dir='ltr'><strong>(locum</strong></span> <span class='ocrx_word' id='word_1_343' title='bbox 680 3027 831 3086; x_wconf 79' lang='lat' dir='ltr'><strong>relinquere),</strong></span> <span class='ocrx_word' id='word_1_344' title='bbox 843 3023 885 3071; x_wconf 90' lang='lat' dir='ltr'><strong>the</strong></span> <span class='ocrx_word' id='word_1_345' title='bbox 901 3037 993 3087; x_wconf 86' lang='lat' dir='ltr'><strong>enemy</strong></span> 
     </span>
     <span class='ocr_line' id='line_1_42' title="bbox 69 3082 731 3145; baseline -0.008 -9"><span class='ocrx_word' id='word_1_346' title='bbox 69 3085 120 3136; x_wconf 79' lang='lat' dir='ltr'><strong>had</strong></span> <span class='ocrx_word' id='word_1_347' title='bbox 130 3084 228 3145; x_wconf 82' lang='lat' dir='ltr'><strong>already</strong></span> <span class='ocrx_word' id='word_1_348' title='bbox 239 3084 365 3133; x_wconf 86' lang='lat' dir='ltr'><strong>sustained</strong></span> <span class='ocrx_word' id='word_1_349' title='bbox 373 3094 415 3132; x_wconf 93' lang='lat' dir='ltr'><strong>not</strong></span> <span class='ocrx_word' id='word_1_350' title='bbox 427 3100 458 3131; x_wconf 83' lang='lat' dir='ltr'><strong>an</strong></span> <span class='ocrx_word' id='word_1_351' title='bbox 469 3082 661 3132; x_wconf 85' lang='lat' dir='ltr'><strong>inconsiderable</strong></span> <span class='ocrx_word' id='word_1_352' title='bbox 672 3082 731 3131; x_wconf 87' lang='lat' dir='ltr'><strong>loss.</strong></span> 
     </span>
    </p>
   </div>
   <div class='ocr_carea' id='block_1_6' title="bbox 100 3154 817 3222">
    <p class='ocr_par' dir='ltr' id='par_1_12' title="bbox 100 3154 817 3222">
     <span class='ocr_line' id='line_1_43' title="bbox 100 3154 817 3222; baseline 0.001 -15"><span class='ocrx_word' id='word_1_353' title='bbox 100 3157 237 3207; x_wconf 78' lang='lat' dir='ltr'><strong>‘Producto</strong></span> <span class='ocrx_word' id='word_1_354' title='bbox 250 3158 343 3222; x_wconf 75' lang='lat' dir='ltr'><strong>legione</strong></span> <span class='ocrx_word' id='word_1_355' title='bbox 349 3173 360 3215; x_wconf 89' lang='lat'><em>;</em></span> <span class='ocrx_word' id='word_1_356' title='bbox 378 3157 484 3220; x_wconf 75' lang='lat' dir='ltr'><strong>hemely,</strong></span> <span class='ocrx_word' id='word_1_357' title='bbox 497 3157 550 3206; x_wconf 87' lang='lat' dir='ltr'><strong>that</strong></span> <span class='ocrx_word' id='word_1_358' title='bbox 559 3156 590 3204; x_wconf 87' lang='lat' dir='ltr'><strong>he</strong></span> <span class='ocrx_word' id='word_1_359' title='bbox 601 3154 679 3218; x_wconf 87' lang='lat' dir='ltr'><strong>might</strong></span> <span class='ocrx_word' id='word_1_360' title='bbox 689 3155 780 3208; x_wconf 85' lang='lat' dir='ltr'><strong>review</strong></span> <span class='ocrx_word' id='word_1_361' title='bbox 790 3155 817 3208; x_wconf 83' lang='lat' dir='ltr'><strong>it.</strong></span> 
     </span>
    </p>
   </div>
   <div class='ocr_carea' id='block_1_7' title="bbox 0 0 1078 3704">
    <p class='ocr_par' dir='ltr' id='par_1_13' title="bbox 0 0 1078 3704">
     <span class='ocr_line' id='line_1_44' title="bbox 0 0 1078 3704; baseline 0 0"><span class='ocrx_word' id='word_1_362' title='bbox 0 0 1078 3704; x_wconf 95' lang='lat' dir='ltr'><strong> </strong></span> 
     </span>
    </p>
   </div>
  </div>
 </body>
</html>
