2146 3704
459 119 552 161 araas
571 119 619 162 ιιι.
961 103 1001 162 77

79 227 242 298 absentibus,
255 237 361 299 propter
371 227 535 349 paucitatem
544 225 744 298 despiciebant·
757 234 815 283 tum
826 230 917 303 etiam,
929 231 1003 305 quod

78 307 184 370 propter
195 297 365 366 iniquitatem
385 298 435 367 oci,
448 313 513 351 curn
530 297 581 367 ipsi
599 313 634 350 ex
650 266 786 351 montibus
803 299 943 356 invallem
955 302 1003 356 de·

78 376 215 423 currerent
232 376 260 421 et
277 364 332 420 tela
348 366 519 437 conjicerent,
538 383 573 419 ne
590 367 708 436 primum
726 367 838 436 quidem
855 386 935 442 posse
951 371 1003 426 im·

69 447 172 509 ,petum
183 454 265 491 suum
276 436 401 490 sustineri
412 435 612 490 existimabant.
648 436 805 491 Accedebat
813 439 885 508 quod
894 456 956 494 suos
967 441 1003 496 ab

77 524 107 560 se
124 507 224 561 liberos
240 506 387 561 abstractos
403 503 527 558 obsidum
546 505 654 558 nornine
671 504 805 576 dolebant,
825 516 853 562 et
869 509 1004 566 Romanos

70 594 128 646 Ιιιοιι
147 577 235 630 solum
254 576 380 629 itinerum
398 591 488 644 causa,
501 573 551 627 sed
568 575 663 628 etiarn¹
669 585 815 646 perpetuae
827 579 1004 648 possessionis

68 647 197 713 cul-mina
208 645 319 715 Alpium
337 660 469 714 occupare
487 644 576 696 conari
593 652 621 697 et
639 660 673 697 ea
687 643 746 697 loca
757 645 888 702 finitimae
899 651 1003 722 provin-
1028 662 1030 675 ¹

67 716 135 774 ,ciac
146 714 293 796 adjungere
305 713 356 778 sibi
368 730 526 784 persuasum
538 712 682 768 habebant.

111 791 137 839 3.
155 785 205 852 His
223 783 325 838 nuntiis
344 784 464 853 acceptis
483 782 578 853 Galba,
598 800 663 838 cum
682 800 772 854 neque
792 801 861 857 opus
879 786 1003 844 hiberno·

69 857 137 910 'rum
149 853 365 922 munitionesque
377 851 457 922 plene
469 861 560 907 essent
571 852 716 923 perfectae,
726 871 743 906 n
780 872 815 910 ue
824 856 859 910 de
867 857 1003 914 frumento

67 924 232 996 reliquoque
240 921 545 976 commeatusatisesset
552 922 695 992 previsum,
703 939 756 992 quo
784 924 921 982 deditione
929 928 1003 984 fecta

76 993 270 1062 obsidibusque
282 991 401 1061 acceptis
411 991 479 1044 nihil
497 991 532 1044 de
547 991 617 1045 bello
629 992 781 1047 timendum
793 996 1001 1070 existimaverat,

68 1062 188 1131 >oonsilio
200 1062 321 1116 celeriter
333 1069 476 1115 convocato
489 1061 635 1114 sententies
653 1062 792 1131 exquirere
810 1066 906 1136 coepit.
942 1066 1002 1128 Quo

69 1133 104 1188 ,in
116 1131 235 1203 consilio,
248 1147 313 1185 curn
324 1139 429 1184 tautum
445 1131 577 1201 repentini
595 1131 709 1200 periculi
726 1142 832 1202 praeter
848 1135 1002 1215 opinionem

75 1202 228 1272 accidisset,
240 1218 274 1254 ac
284 1199 342 1270 jem
353 1200 444 1254 ornuia
455 1199 513 1253 fere
522 1200 658 1270 superiora
666 1200 725 1254 loca
733 1201 906 1258 multitudine
914 1222 1002 1260 arma-

76 1281 166 1326 torum
183 1269 318 1341 completa
336 1269 561 1338 conspicerentur,
573 1285 663 1348 neque
681 1268 800 1322 subsidio
812 1273 898 1325 veniri
912 1291 1002 1343 neque

76 1349 246 1396 commeatus
269 1339 418 1409 supportari
442 1337 595 1390 interclusis
618 1337 757 1390 itineribus
779 1349 895 1410 possent,
919 1359 1002 1413 prope

39 1474 42 1479 ,
78 1411 132 1466 'm
152 1409 294 1479 desperata
315 1408 402 1462 salute
421 1407 564 1461 nonnullae
584 1404 739 1476 hujusmodi
759 1409 908 1463 sententiae
928 1412 1002 1466 dice-

131 1488 182 1550 tur,
194 1487 225 1533 ut
242 1477 443 1548 impedimentis
460 1475 561 1530 relictis
579 1475 716 1546 eruptione
735 1475 806 1529 facta
817 1478 914 1533 iisdem
926 1481 1002 1535 itine-

69 1551 159 1619 ribus,
172 1549 270 1618 quibus
281 1564 314 1600 eo
325 1549 518 1617 pervenissent,
530 1547 566 1600 ad
579 1545 694 1599 salutern
706 1546 906 1602 contenderent.
941 1549 1003 1604 Ma·

74 1620 125 1690 jori
137 1628 236 1686 ⁴tamen
253 1617 321 1688 parti
338 1617 441 1687 placuit
457 1615 509 1669 hoc
527 1623 661 1669 reservato
678 1614 714 1668 ad
729 1624 882 1671 extremum
893 1620 1003 1674 oonsilio

75 1689 186 1743 interim
198 1687 378 1741 rei‘eventurn
390 1685 512 1766 errperiri¹
524 1693 552 1738 et
564 1693 652 1738 castra
663 1684 819 1739 defendere.
962 1726 963 1729 η

111 1764 138 1812 4.
156 1757 235 1812 Brevi
254 1757 338 1826 spatio
356 1756 501 1826 interjecto,
516 1755 562 1808 vix
573 1764 602 1808 ut
614 1754 657 1818 his
668 1755 756 1825 rebus,
769 1772 838 1825 quas
852 1758 1003 1813 constituis·

76 1823 156 1897 sent?=
166 1825 329 1881 collocandis
341 1834 422 1894 atque
433 1823 651 1878 administrandis
664 1833 771 1895 tempus
783 1825 897 1897 daretur,
912 1827 1003 1882 hostes

69 1915 113 1963 *ex
129 1896 255 1951 omnibus
272 1894 391 1964 partibus
408 1895 483 1963 signo
501 1894 563 1947 dato
581 1894 730 1959 decurrere,
743 1894 848 1965 lapides
858 1898 1004 1966 gaesaque⁸

76 1967 105 2021 in
125 1965 228 2021 vallum
248 1963 390 2033 conjicere.
425 1964 515 2017 Nostri
538 1964 623 2034 primo
646 1964 757 2032 integris
775 1965 877 2019 uiribus
900 1966 1003 2020 fortiter

70 2051 227 2108 ¹repugnare
244 2049 333 2103 neque
351 2032 438 2086 ullum
456 2032 554 2086 frustra
572 2033 657 2086 telum
673 2050 708 2086 ex
722 2033 780 2085 loco
791 2034 928 2103 superiore
940 2035 1002 2090 mit·

77 2114 142 2174 tere,
156 2114 185 2158 ut
203 2120 328 2174 quaeque
348 2119 410 2172 pars
429 2110 576 2155 castrorum
592 2101 694 2155 nudata
709 2101 898 2156 defensoribus
915 2104 1003 2174 prerni

74 2174 226 2243 ridebatur,
240 2189 272 2225 eo
289 2189 427 2225 occurrere
445 2179 472 2224 et
490 2171 621 2224 auxilium
639 2169 717 2239 ferre,
730 2168 778 2222 sed
795 2169 847 2224 hoc
865 2189 895 2225 su
933 2173 1003 2244 rari,⁴

96 2243 149 2299 uod
167 2241 339 2296 diuturnitate
357 2257 464 2311 pugnae
481 2239 573 2293 hostes
590 2238 691 2292 defessi
709 2238 808 2308 proelio
823 2256 891 2294 exce
911 2241 1000 2312 ebant,

70 2261 122 2367 'dlii
146 2312 257 2382 integris
275 2310 377 2364 viribus
400 2309 598 2375 succedebant,
622 2324 736 2376 quarum
759 2323 849 2360 rerum
869 2325 886 2361 a
905 2311 1002 2364 nostris

76 2390 183 2455 propter
200 2380 365 2452 paucitatem
383 2378 441 2432 fieri
458 2376 524 2430 nihil
541 2382 652 2446 poterat,
667 2392 700 2428 ec
717 2391 770 2429 non
787 2375 877 2428 modo*
894 2376 1001 2432 defesso

78 2610 94 2659 b
106 2550 245 2658 *poputum
256 2549 366 2612 aperiri,
377 2557 403 2596 to
413 2547 471 2595 weit
483 2547 520 2596 for
530 2546 572 2595 tlre
588 2545 664 2595 result
675 2544 704 2595 of
715 2544 758 2595 the
769 2546 908 2606 operatione
918 2549 948 2600 cf
957 2550 1001 2603 the

95 2625 121 2660 ur
138 2625 226 2658 errans.

107 2701 118 2729 ¹
128 2699 316 2748 Constitcirsent
327 2715 338 2756 ,·
350 2697 457 2758 namely‚
467 2699 579 2747 collocare
588 2698 844 2760 atqueadminirtrcre.
875 2699 931 2750 The
942 2705 1000 2753 sub.

81 2759 132 2820 ject
143 2759 171 2808 of
176 2761 357 2808 constituissent
368 2758 389 2806 is
400 2757 511 2806 Rauraci.
570 2789 573 2798 -

108 2847 118 2875 ⁸
129 2846 216 2903 Gnaeo,
226 2846 331 2906 jevelino
343 2844 424 2894 which
435 2860 500 2914 pere
511 2844 572 2894 used
583 2844 726 2952 apparently
736 2845 770 2905 by
778 2843 904 2913 all-Celtic
914 2846 998 2904 tribes,

79 2905 228 2974 whencewe
235 2906 285 2974 find
294 2905 362 2954 them
372 2903 514 2973 mentioned
524 2913 566 2951 not
577 2919 608 2953 on
619 2919 667 2966 yrn
676 2903 750 2963 Gaul,
762 2903 846 2976 Spain,
855 2905 904 2954 aud
912 2920 1002 2970 among

78 2965 122 3013 the
133 2963 224 3025 Alprne
234 2967 318 3022 tribes,
332 2967 376 3013 but
386 2964 440 3012 also
449 2980 475 3012 ιιι
485 2962 558 3023 Italy.

108 3050 253 3112 ‘Supercrrss
268 3056 309 3099 ‘to
319 3052 350 3099 bc
361 3051 438 3100 under
448 3067 463 3100 a
472 3049 664 3112 disadvantage’

109 3136 251 3199 ‘Compare
262 3138 287 3188 ii.
301 3141 338 3197 17,
350 3146 408 3187 note
419 3140 441 3186 l.
