2146 3704
453 115 546 156 arnna
565 113 622 158 vn·
691 178 693 182 Ι
934 98 992 159 156

69 219 295 288 litterisconfisos,
303 223 392 278 minus
402 224 548 278 memoriae
562 223 685 292 studere,
703 222 775 294 quod
787 222 844 277 fere
855 225 992 295 plerisque

68 291 175 361 accidit,
188 300 217 345 ut
229 293 364 362 praesidio
381 292 527 347 litterarum
546 294 711 361 diligentiam
725 294 752 346 in
764 293 940 363 perdiscendo
958 312 992 349 ao

68 362 226 415 memoriam
246 363 390 422 remittant.
426 364 457 416 In
474 362 567 433 primis
584 363 635 416 hoc
647 362 738 416 volunt
756 362 925 433 persuadere,
939 381 992 418 nou

67 431 174 484 interire
193 432 305 502 animas,
324 433 372 486 sed
389 433 424 486 ab
440 432 501 485 aliis
517 442 576 502 post
594 442 708 486 mortem
727 433 836 485 transire
856 432 891 484 ad
910 434 991 486 alios:

67 508 149 571 etque
168 501 219 553 hoc
237 503 356 555 maxime
372 502 407 555 ad
421 503 546 566 virtutem
563 503 680 555 excitaril
692 511 793 572 putant,
806 510 882 554 metu
899 502 993 555 mortis

67 571 199 639 neglecto.
236 571 325 624 Multa
337 580 475 642 praeterea
489 571 524 624 de
544 571 678 626 sideribus
697 580 779 640 atque
797 588 890 625 eorum
907 581 991 642 motu,

67 639 101 692 de
124 639 222 693 mundi
245 656 277 693 ac
302 651 431 694 terrarum
455 641 648 712 magnitudine,
668 641 702 694 de
723 658 813 695 rerum
836 650 937 711 natura,
958 640 1005 694 de

67 709 178 831 deqrum
198 708 390 779 immortalium
407 712 433 764 vi
452 727 486 763 ac
505 720 637 781 potestate
657 712 794 782 disputant
814 719 841 765 et
858 711 993 781 juventuti

67 787 105 832 ita
125 786 184 832 unt.
373 832 378 842 ,

104 854 144 902 15.
158 847 283 902 Alterum
294 867 382 918 genus
394 857 435 902 est
448 850 580 918 equiturn.
615 851 658 920 Hi,
672 867 756 920 quum
769 857 810 903 est
823 868 895 922 usus,
909 859 991 920 atque

67 917 176 988 aliquod
196 918 301 972 bellum
322 919 415 972 incidit
435 920 518 990 (quod
538 929 601 972 ante
622 921 744 973 Caesaris
767 919 915 973 adventurn
935 920 992 974 fere

67 987 212 1057 quotannis
231 988 356 1041 accidere
376 988 486 1058 solebat,
500 989 539 1042 uti
551 999 597 1042 aut
610 990 661 1059 ipsi
673 989 783 1060 injurias
796 989 932 1058 inferrent,
945 997 993 1042 aut

68 1057 157 1111 illatas
169 1057 373 1129 propulsarent),
388 1075 482 1112 omnes
499 1059 527 1112 in
544 1059 615 1112 bello
627 1068 782 1113 versantur:
801 1068 883 1129 atque
899 1076 993 1113 eorum

68 1138 97 1182 ut
117 1127 233 1197 quisque
255 1136 296 1180 est
316 1146 414 1196 genere
435 1129 573 1199 copiisque
594 1129 787 1200 amplissimus,
807 1130 844 1182 ita
863 1128 993 1200 plurimos

68 1197 170 1250 circum
184 1215 213 1250 se
225 1197 374 1250 ambactos²
383 1199 549 1268 clientesque
563 1197 673 1253 habent.
698 1199 867 1252 Hanounam
878 1200 992 1268 gratiam

68 1268 270 1339 potentiamque
284 1277 423 1321 noverunt.

106 1343 147 1390 16.
166 1338 246 1390 Natio
268 1345 308 1390 est
332 1338 420 1391 omnis
439 1336 577 1390 Gallorum
601 1336 748 1389 admodum
772 1335 864 1388 dedita
888 1336 992 1404 religio-

68 1407 165 1475 nibus,
183 1415 264 1476 atque
285 1407 320 1460 ob
342 1425 403 1460 eam
425 1424 544 1476 causam,
567 1407 613 1474 qui
634 1414 695 1458 sunt
716 1404 807 1458 affecti
827 1405 993 1473 gravioribus

68 1477 169 1530 morbis
211 1478 292 1546 uique
317 1477 342 1529 in
367 1476 476 1546 proeliis
499 1474 678 1546 periculisque
702 1482 850 1545 versantur,
875 1483 921 1527 aut
945 1492 992 1546 pro

68 1494 324 1600 victimisiromines
335 1546 483 1615 immolant,
496 1554 543 1598 aut
556 1562 585 1598 se
599 1544 783 1598 immolaturos
792 1552 896 1614 vovent,
906 1544 992 1598 adrni-

68 1616 213 1685 nistrisque
231 1617 265 1668 ad
284 1634 317 1668 ea
336 1617 467 1669 sacrificia
479 1614 625 1668 Druidibus
645 1623 769 1683 utuntur,
786 1614 865 1683 quod,
879 1631 925 1683 pro
938 1613 993 1666 vita

68 1684 187 1739 hominis
203 1686 255 1738 nisi
275 1685 391 1739 hominis
403 1688 458 1739 vita
477 1685 609 1755 reddatur,
623 1702 674 1738 non
691 1701 769 1754 posse
789 1684 865 1736 aliter
881 1683 992 1737 deorum

69 1755 263 1809 immortalium
275 1773 375 1809 numen
387 1755 487 1825 placeri
499 1755 673 1810 arbitrantur:
693 1753 854 1824 publiceque
867 1753 992 1824 ejusdem

69 1825 177 1893 generis
201 1825 302 1878 habent
327 1827 449 1878 instituta
474 1826 613 1878 sacrificia.
649 1824 704 1879 Alii
728 1824 840 1878 immani
859 1825 992 1893 magnitu-

69 1894 133 1948 dine
152 1895 296 1947 simulaera
316 1894 424 1965 habent,
438 1913 551 1964 qnorum
568 1903 693 1948 contexta
704 1895 852 1949 viminibus
868 1894 992 1949 membra

69 1965 137 2018 vivis
145 1964 301 2017 hominibus
310 1966 454 2035 complent,
465 1964 563 2034 quibus
575 1967 719 2035 succensis
729 1965 905 2019 circumventi
914 1965 992 2017 flam·

68 2050 114 2087 ma
127 2034 315 2086 exanimantur
328 2034 459 2087 homines.
496 2034 631 2104 Supplicia
644 2052 744 2104 eorum,
758 2035 844 2104 quiin
857 2034 926 2089 furto
944 2042 992 2088 aut

69 2103 95 2156 in
114 2103 252 2156 latrocinio
272 2113 318 2156 aut
338 2104 427 2171 aliqua
443 2104 522 2156 noxa³
534 2105 586 2155 sint
600 2104 794 2173 comprehensi,
808 2105 921 2170 gratiora
940 2104 992 2156 diis

69 2171 266 2226 immortalibus
279 2190 339 2226 esse
352 2174 529 2226 arbitrantur:
550 2173 606 2241 sed,
620 2189 705 2242 quum
718 2171 778 2241 ejus
794 2173 901 2238 generis
914 2174 992 2241 eopia

69 2241 170 2311 deficit,
184 2243 312 2296 etiamad
328 2244 509 2295 innocentium
524 2243 655 2311 supplicia
667 2240 843 2294 descendunt.

106 2317 147 2365 17.
166 2314 254 2366 Deum
276 2313 394 2367 maxime
418 2313 593 2366 Mercurium⁴
617 2311 721 2364 colunt:
747 2309 826 2379 hujus
849 2316 911 2361 sunt
934 2309 991 2380 plu-

78 2466 208 2525 ·¹Supply
219 2467 335 2522 hominem
353 2465 390 2513 sor
399 2469 439 2514 hoe
450 2465 470 2511 is
481 2464 523 2510 the
539 2463 644 2511 ablativa
656 2462 684 2510 ef
696 2478 777 2519 cause,
790 2462 872 2511 which
887 2461 908 2510 is
923 2477 991 2511 more

67 2525 193 2585 explicitly
203 2525 331 2584 explained
343 2527 376 2586 by
386 2534 447 2572 metu
458 2525 540 2572 mortis
552 2525 651 2570 subluto.

95 2597 222 2646 ’Ambarri
239 2599 259 2646 is
278 2598 395 2657 probably
415 2606 456 2645 not
476 2596 577 2644 aLatin
594 2595 669 2651 word,
688 2597 730 2642 but
749 2611 764 2643 a
783 2595 862 2643 Gallio
873 2611 900 2643 or
912 2595 992 2643 Celtic

67 2658 132 2706 word
145 2660 268 2714 (eadhelm
281 2658 333 2705 that
345 2657 374 2712 is,
388 2656 516 2710 minister),
526 2655 605 2704 which
617 2655 718 2703 denotas
730 2670 830 2714 persons
841 2655 898 2702 who
908 2655 992 2703 attend

66 2731 131 2776 upon
142 2718 184 2765 the
196 2717 296 2774 nobles;
314 2716 360 2764 and
371 2716 389 2764 it
401 2717 422 2763 is
433 2726 474 2763 not
492 2715 632 2774 imposbible
644 2715 696 2762 that
710 2715 801 2766 Caesar
811 2720 869 2775 ma'y
879 2731 951 2763 mean
966 2723 992 2762 to

66 2777 164 2835 explain
180 2776 221 2823 the
233 2776 301 2823 word
312 2777 344 2835 by
355 2777 460 2831 clientes,
473 2775 514 2824 the
526 2791 571 2835 que
581 2773 647 2822 osten
662 2775 760 2835 sarving
771 2786 796 2822 to
804 2775 857 2834 join
867 2790 898 2822 an
908 2773 990 2833 expla-

66 2836 149 2884 nation
160 2844 185 2883 to
197 2851 265 2882 some
276 2834 405 2894 preceding
416 2834 491 2882 word.

94 2909 183 2958 ’Nora
204 2909 225 2956 is
247 2924 293 2967 any
310 2908 357 2956 evil
379 2907 449 2964 deod,
470 2909 502 2967 by
518 2907 598 2955 which
620 2908 699 2968 injury
720 2907 740 2955 is
762 2907 823 2957 done
844 2915 870 2955 to
891 2904 989 2953 another

65 2983 270 3092 pelilllilcurium.
288 3041 351 3088 This
362 3049 449 3088 cannot
460 3039 522 3088 have
535 3044 597 3088 been
607 3040 648 3087 the
658 3038 807 3098 Mercuryof
813 3037 854 3084 the
865 3036 990 3093 Romans;

65 3103 112 3152 and
123 3104 142 3150 it
153 3110 220 3150 must
232 3101 262 3146 be
274 3101 348 3147 borne
364 3100 388 3148 in
404 3100 470 3147 mind
482 3099 534 3146 that
546 3100 605 3147 both
618 3097 713 3148 Greeks
730 3097 776 3145 und
788 3097 906 3152 Romans,
919 3095 990 3145 when

68 3161 126 3224 they
142 3163 245 3211 became
262 3157 406 3218 acquainted
423 3159 482 3206 with
500 3174 515 3206 a
530 3174 584 3207 new
595 3157 698 3218 divinity
709 3157 734 3206 in
745 3173 760 3205 a
770 3156 863 3217 foreign
878 3166 993 3215 country,
