2146 3704
68 269 130 330 218
375 291 417 333 na
437 289 536 332 annuo
556 287 693 330 amuco.

69 407 160 452 aetate
172 397 280 455 inutiles
293 405 362 457 sunt¹
373 402 453 468 bello,
466 400 564 471 oppido
575 400 716 469 excedant,
728 405 811 522 atque
823 397 914 452 onmia
924 398 990 470 prius

70 470 249 541 experiantur,
264 489 348 542 quarn
365 473 400 526 ad
413 471 557 540 Critognati
574 469 737 522 sententiam
773 468 935 522 escendunt:
952 469 990 523 illo

70 548 164 593 tamen
187 543 275 610 potius
298 543 429 596 utendum
453 541 571 610 consilio,
593 540 616 592 si
635 556 679 592 res
698 547 777 607 cogat
796 547 824 591 at
845 555 879 591 ue
899 539 992 594 auxilia

70 619 215 680 morentur,
254 628 317 666 uam
335 621 383 666 aut
402 611 547 665 deditionis
564 618 610 663 aut
628 609 702 679 pacis
720 555 893 662 subeundam
910 609 992 663 condi·

70 681 181 733 tionem.
250 682 369 752 audubii,
388 683 435 752 qui
457 697 504 734 eos
524 679 619 751 oppido
640 687 804 748 receperant,
824 695 888 732 oum
909 679 994 734 liberis

70 758 154 819 atque
177 752 306 805 uxoribus
328 752 401 806 exire
424 759 564 821 coguntur.
600 750 643 818 Hi,
666 764 750 818 quum
774 748 810 800 ad
837 749 994 803 munitiones

70 820 250 874 Romanorum
270 822 456 889 accessissent,
475 821 572 872 flentes
591 818 717 871 omuibus
734 818 861 889 precibus
879 820 994 900 orabant,

71 898 101 942 ut
121 907 150 941 se
169 891 196 942 in
215 892 374 944 servitutem
394 898 517 959 receptos
527 888 589 942 cibo
609 887 741 958 juvarent.
776 891 813 942 At
826 889 935 960 Caesar,
947 889 995 943 dtr·

70 959 165 1029 positia
177 959 204 1011 in
218 960 287 1012 vallo
297 960 433 1030 cristodiis,
448 959 529 1029 recipi
541 957 709 1028 prohibebat.

107 1033 150 1081 79.
169 1029 274 1082 interea
286 1029 425 1083 Commius
443 1037 470 1082 et
488 1028 586 1098 reliqui
602 1027 695 1097 duces,
708 1026 807 1097 quibus
824 1044 936 1082 summa
951 1028 995 1083 im·

70 1099 137 1169 perii
155 1100 291 1169 permissa
306 1110 370 1171 erat,
383 1116 447 1153 cum
464 1097 590 1152 omnibus
606 1097 691 1166 copiis
709 1097 745 1150 ad
764 1097 888 1151 Alesiam
908 1115 996 1168 perve-

71 1169 156 1238 niunt,
170 1177 197 1221 et
216 1171 285 1223 colle
303 1172 434 1224 exteriore
452 1176 589 1238 occupato,
602 1184 653 1218 non
667 1165 773 1235 longius
784 1183 815 1220 rr.
828 1169 955 1237 passibus
964 1168 996 1223 ab

71 1240 169 1291 nostris
191 1241 384 1295 munitionibus
407 1239 558 1292 considunt.
601 1237 710 1288 Postero
739 1236 784 1290 die
813 1238 940 1306 equitatu
966 1255 998 1293 ex

72 1309 168 1360 castris
179 1308 285 1380 educto,
298 1327 407 1362 omnem
419 1325 482 1361 eam
494 1305 642 1377 planitiem,
655 1322 737 1374 quam
757 1307 786 1359 in
804 1306 997 1376 longitudinem

72 1393 115 1430 111.
128 1378 205 1431 milia
222 1396 351 1448 passuum
369 1387 461 1448 patere
479 1376 741 1444 demonstravitum
751 1376 892 1446 complent
906 1378 997 1448 pedes-

72 1455 182 1518 tresque
195 1451 286 1520 copias
297 1449 419 1521 paullum
429 1448 465 1501 ab
478 1465 510 1500 eo
522 1447 579 1500 loco
597 1445 711 1498 abditas'
728 1446 754 1498 in
774 1445 842 1499 locis
859 1449 997 1518 superiori-

72 1516 124 1570 bus
136 1520 309 1574 constituunt.
329 1521 393 1574 Erat
406 1536 441 1572 ex
451 1517 547 1588 oppido
559 1516 652 1568 Alesia
663 1515 809 1584 despectus
820 1518 849 1570 iu
862 1534 997 1588 campum.

73 1587 249 1658 Concurritur,
270 1591 313 1643 his
330 1589 436 1643 auxiliis
455 1589 534 1656 visis,
553 1587 582 1639 fit
601 1585 741 1654 gratulatio
761 1585 831 1639 inter
852 1603 900 1640 eos
919 1597 998 1658 atque

72 1660 195 1711 omnium
218 1660 301 1713 animi
327 1660 361 1713 ad
388 1658 518 1711 laetitiam
548 1657 705 1710 excitantur.
741 1655 836 1724 Itaque
865 1658 998 1726 productis

73 1727 156 1796 copiis
168 1738 230 1781 ante
242 1730 371 1799 oppidum
390 1728 532 1782 considunt
550 1734 578 1779 et
595 1726 745 1794 proximam
763 1725 866 1779 fossam
883 1728 999 1781 cratibus

72 1795 195 1866 integunt
215 1810 296 1868 etque
316 1815 414 1868 aggere
434 1797 551 1868 explent,
571 1812 655 1864 seque
674 1794 709 1848 ad
729 1794 901 1864 emptionem
920 1806 998 1868 atquo

72 1882 168 1920 omnes
179 1885 259 1921 casus
271 1868 446 1938 comparant.⁴

108 1940 151 1987 8⁰.
171 1937 275 2006 Caesar,
297 1938 370 1990 omni
393 1936 514 1989 exercitu
533 1934 568 1987 ad
589 1942 730 2003 utramque
750 1941 856 2003 partem
877 1936 999 1990 munitio·

72 2019 139 2056 num
151 2003 285 2074 disposito,
299 2014 335 2074 ut,
350 2006 372 2058 si
387 2021 453 2057 usus
464 2003 575 2072 veniat,⁸
586 2019 666 2055 suum
679 2003 793 2073 quisque
806 2003 898 2058 locum
911 2013 999 2059 teneat

73 2080 101 2124 et
117 2074 227 2141 noverit,
241 2074 391 2142 equitatum
409 2089 445 2125 ex
461 2072 555 2124 castris
574 2070 652 2124 educi
672 2081 699 2124 et
717 2072 850 2141 proelium
868 2074 999 2129 committi

71 2139 157 2219 jubet.
193 2142 258 2195 Erat
281 2158 317 2195 ex
338 2141 464 2195 omnibus
487 2140 600 2210 castris:
623 2159 693 2211 quae
717 2159 856 2196 summum
881 2145 999 2215 undique

70 2226 167 2280 Jugum
185 2211 319 2282 tenebant,
339 2211 483 2281 despectus
490 2228 498 2279 3
522 2219 604 2280 atque
624 2212 746 2265 omnium
765 2212 885 2266 militum
905 2214 999 2268 intenti

72 2281 156 2334 animi
172 2298 279 2361 pugnae
296 2282 466 2353 proventum⁷
479 2279 681 2350 exspectabant.
717 2281 788 2334 Galli
807 2282 875 2336 inter
894 2285 1000 2353 equites

72 2366 145 2404 raros
164 2352 313 2421 sagittarios
333 2351 525 2422 expeditosque
546 2350 615 2402 levis
632 2359 784 2404 armaturae
803 2351 997 2422 interjecerant,

72 2420 119 2489 qui
140 2422 196 2474 suis
216 2421 377 2475 cedentibus
393 2421 491 2474 auxilio
510 2429 693 2474 succurrerent
712 2429 739 2472 et
757 2430 908 2476 nostrorum
926 2423 998 2493 equi-

102 2559 221 2610 ¹Instead
232 2560 262 2610 of
272 2570 340 2618 suut,
353 2577 391 2610 we
404 2560 483 2622 might
498 2561 561 2609 have
577 2559 695 2620 expected
711 2561 762 2609 aiut
769 2577 780 2618 ,·
798 2562 843 2609 but
855 2561 898 2610 the
909 2563 997 2612 iudica-

71 2617 279 2726 {ivoqupressnts
296 2621 338 2670 the
355 2630 444 2670 matter
460 2636 528 2670 more
545 2636 572 2668 as
583 2636 598 2668 a
610 2618 668 2675 fact,
683 2619 744 2667 than
760 2636 787 2668 ns
798 2631 878 2681 apert
895 2622 924 2670 ol
937 2621 999 2671 their

84 2692 127 2725 eso
137 2695 152 2726 u
165 2695 213 2727 ron.

100 2751 167 2799 'See
178 2752 219 2800 vii.
231 2755 269 2802 69.

101 2824 220 2893 'Abditas
229 2844 240 2883 ,·
258 2827 311 2874 that
322 2827 352 2882 is,
364 2837 489 2896 separatos
500 2843 528 2876 or
539 2834 657 2882 muctam
669 2823 777 2886 hemely,
788 2823 842 2874 that
853 2825 919 2876 their
928 2841 997 2877 num·

70 2880 115 2931 ber
126 2885 203 2944 might
215 2895 257 2933 not
269 2887 299 2934 be
311 2887 447 2944 percetved.

100 2955 151 3005 ‘Se
167 2974 299 3027 emporure
314 2959 335 3006 is
352 2959 394 3006 the
411 2974 479 3007 sarna
497 2975 524 3006 us
535 2976 561 3006 ae
574 2974 726 3020 praeparare,
739 2972 767 3005 or
777 2956 869 3019 simply
879 2974 999 3022 separare

72 3014 194 3078 Compare
206 3034 238 3067 tv.
252 3022 288 3075 18,
302 3027 358 3066 note
369 3022 389 3066 1.

100 3091 151 3140 'Si
159 3109 220 3140 urus
231 3095 311 3141 ueniet
320 3109 331 3149 ,·
345 3092 397 3140 that
409 3090 438 3146 is,
451 3091 476 3139 ai
485 3107 545 3152 oper
556 3107 607 3139 esee
617 3090 667 3138 inci
683 3090 727 3157 iot,
743 3087 779 3137 ‘if
786 3087 856 3154 ¹there
868 3089 957 3140 should
968 3091 997 3138 be

71 3163 120 3209 any
131 3152 277 3212 necessity;'
296 3169 356 3200 aaut
373 3151 448 3210 being
463 3149 505 3196 the
522 3158 632 3197 moment
643 3164 657 3196 ο
683 3158 743 3197 tune
755 3149 829 3197 when
840 3165 887 3198 use
898 3149 920 3199 is
931 3159 957 3198 to
968 3150 997 3197 bc

71 3210 142 3257 made
153 3211 182 3258 os
189 3212 336 3272 something.
372 3210 494 3269 Compare
506 3209 538 3255 iv.
550 3211 573 3263 2,
586 3223 610 3255 v.
624 3211 660 3255 15.

100 3281 158 3329 ‘Es
167 3285 272 3331 mnibus
284 3286 370 3332 contria
377 3300 388 3340 ,·
407 3283 459 3331 that
470 3282 501 3338 is,
517 3280 594 3330 ‘from
605 3280 639 3328 all
650 3290 717 3340 parts
728 3279 757 3329 of
764 3279 806 3329 the
817 3282 908 3342 camp!

96 3351 254 3406 'proventus
264 3356 324 3408 here
337 3358 358 3408 is
370 3355 549 3420 equivalentto
561 3363 669 3412 euertat,
681 3353 739 3402 ‘the
748 3355 844 3411 arent,’
856 3352 994 3405 ou‘issuc‘
