2146 3704
379 119 393 150 .’
441 114 534 161 arara
554 116 606 160 vn.
654 117 656 121 ·
928 101 986 164 tm

49 224 161 282 Horum
180 240 241 279 esse
260 225 376 279 alterum
392 226 642 297 Conuictolitauem,
655 226 798 282 floremem
809 234 838 282 et
849 229 984 284 illustrem

49 296 277 365 adolescentem
297 296 413 349 alterurn
429 299 532 367 Cotum,
552 296 742 366 antiquissima
759 297 862 352 familia
880 310 983 370 netum,

49 375 139 437 atque
153 367 244 435 ipsum
257 366 395 419 huminem
414 384 538 420 summae
557 367 692 446 potentiue
710 375 739 421 et
756 385 872 436 magnae
887 385 984 438 cogua-

49 436 137 491 tionis
145 438 163 505 ;¹
177 436 254 504 cujus
266 436 348 489 frater
360 436 520 490 Valetiacus·
528 453 650 508 proximo
662 453 732 491 anuo
743 438 873 491 eumdem
885 440 984 506 megis-

49 515 159 561 tratum
182 506 309 574 gesserit:
328 506 467 560 civitatem
492 523 602 560 ornnem
621 524 681 561 esse
705 508 733 561 in
755 509 845 575 annis,
865 507 984 563 divisum

50 586 194 646 senatum,
207 575 324 628 diuisum
370 576 473 647 pulum,
487 594 551 630 suas
568 576 701 648 cujusque
720 575 815 631 eorum
833 573 984 631 clientelas

50 646 136 706 Quod
156 646 179 698 si
197 644 300 699 diutius
316 656 404 699 eatur
422 648 610 717 controversia,
624 647 689 718 fore,
701 648 741 701 uti
753 665 816 718 pers
826 665 889 702 cum
908 656 985 718 parte

52 716 177 771 civitatis
194 715 338 786 confligat,
357 716 384 769 id
402 733 437 770 ne
455 717 568 789 accidat,
587 717 704 788 positum
721 719 749 772 iu
767 718 828 789 ejus
845 717 985 788 diligentis

53 794 142 856 atque
155 786 321 838 auctoritate.

93 860 137 908 ³³.
157 856 262 925 Caesar,
276 856 328 908 etsi
339 873 356 907 a
367 856 440 910 bellu
457 865 540 927 atque
558 857 635 911 hoste
654 857 794 912 discedere
812 858 985 912 detrimento·

56 927 132 980 eum²
150 941 211 978 esse
228 925 409 994 existimabat,
427 934 519 980 tamen
536 943 589 980 non
608 927 740 998 ignorans,
759 937 860 998 quanta
877 945 912 981 ex
931 928 984 981 dis·

57 995 232 1049 sensionibus
256 996 427 1049 incommoda
446 997 507 1049 oriri
527 1005 711 1067 consuessent,
730 1014 765 1050 ne
785 1007 859 1051 tanta
880 1006 985 1051 ettam

58 1064 204 1135 conjunctu
216 1064 315 1136 populo
326 1067 446 1119 Romano
455 1067 558 1136 civitas,
568 1083 653 1136 quam
664 1069 721 1137 ipse
734 1084 843 1137 semper
854 1067 986 1136 aluisset,¹

58 1134 240 1204 ornnibusque
258 1137 339 1188 rebus
357 1145 484 1208 ornasset,
500 1137 535 1190 ad
550 1139 607 1190 vim
625 1145 707 1206 atque
725 1137 760 1190 ad
777 1154 855 1192 arma
871 1137 985 1191 descen-

59 1204 145 1275 deret,
165 1213 246 1274 atque
266 1222 300 1258 ea
319 1222 387 1275 pars,
401 1224 473 1275 quae
492 1208 583 1260 minus
603 1207 655 1261 sibi
675 1208 830 1279 confideret,
849 1208 986 1262 auxiliata

59 1274 279 1344 Vercingetorige
297 1285 453 1345 arcesseret,
468 1275 531 1328 huic
549 1277 587 1328 rei
605 1277 832 1346 praevertendum
850 1278 986 1330 existima·

60 1344 114 1413 rit;
134 1353 162 1396 et
175 1345 248 1415 quod
266 1344 371 1414 legibus
383 1345 540 1398 Aeduorum
558 1345 609 1414 his,
623 1346 669 1414 qui
689 1362 828 1400 summurn
845 1347 986 1415 magistra·

62 1423 120 1467 tum
133 1413 293 1485 obtinerent,
308 1416 440 1467 excedere
460 1432 494 1468 ex
511 1414 612 1467 finibus
630 1431 681 1467 non
700 1414 802 1485 liceret,
816 1432 851 1468 ne
868 1416 932 1495 quid
950 1415 986 1467 de

59 1483 119 1554 jure
142 1493 191 1538 aut
214 1485 249 1538 de
273 1485 379 1553 legibus
402 1501 497 1537 eorum
521 1482 688 1537 deminuisse
709 1483 854 1555 videretur,
876 1502 935 1556 ipse
959 1485 987 1538 in

61 1554 171 1608 Aeduos
188 1555 321 1624 proficisci
340 1556 433 1607 statuit
452 1562 632 1623 senatumque
650 1570 767 1625 ornnem,
787 1563 815 1608 et
832 1572 901 1625 quoe
918 1556 988 1608 inter

61 1625 242 1677 controversia
259 1631 340 1693 esset,
353 1624 389 1677 ad
408 1641 438 1677 ee
456 1624 607 1676 Decetiam⁴
624 1625 756 1676 evocavit.
793 1624 885 1683 Quum
904 1640 986 1694 prope

62 1693 149 1746 omnis
162 1694 258 1747 civitas
271 1710 303 1746 eu
315 1694 494 1762 convenisset,
508 1693 711 1763 docereturque,
725 1694 822 1763 paucis
839 1693 912 1747 clem
924 1711 986 1747 eon·

61 1763 171 1833 vocatis,
190 1764 243 1816 alio
263 1763 329 1832 loco,
348 1763 400 1816 alio
422 1772 550 1834 tempore,
570 1772 651 1833 atque
670 1764 823 1835 oportuerit,
842 1764 952 1818 fratrem
970 1780 988 1817 a
1018 1794 1021 1800 ·

62 1831 143 1885 fratre
165 1834 372 1903 renunciatum,⁶
391 1851 477 1903 quum
498 1833 572 1902 leges
592 1833 645 1887 duc
665 1851 699 1886 ex
719 1851 774 1887 una
794 1834 904 1904 familia,
926 1835 988 1888 vivo

61 1910 183 1972 utroque,
197 1919 249 1956 non
268 1902 355 1956 solum
374 1905 548 1972 magistratus
565 1904 649 1957 creari
661 1913 790 1975 vetarent,
805 1906 852 1958 sed
866 1906 949 1958 etiarn
960 1905 986 1958 in

62 1982 159 2025 senatu
173 1989 234 2024 esse
247 1972 418 2043 prohiberent
426 1990 434 2042 3
452 1974 549 2027 Cotum
568 1974 711 2044 imperium
730 1974 864 2044 deponere
882 1975 971 2044 coegit
980 1991 988 2044 ς

62 2041 310 2109 Conuictolitauem,
336 2044 383 2112 qui
407 2060 455 2112 per
478 2044 634 2097 sacerdotes
656 2061 732 2097 more
756 2045 881 2115 civitatis,
907 2047 987 2099 inter·

61 2112 162 2166 missis
174 2112 383 2181 magistratibus,
394 2120 467 2164 esset
476 2121 590 2178 creatus,
601 2121 762 2181 potestatem
771 2115 892 2167 obtinere
900 2115 988 2184 jussit.

95 2185 138 2234 34.
157 2181 214 2234 Hoc
233 2182 342 2234 decreto
362 2181 527 2251 interposito,
541 2181 695 2234 cohortatus
706 2182 824 2253 Aeduos,
839 2191 869 2235 ut
887 2195 989 2237 contro·

90 2332 228 2396 ¹Cogaatio
245 2335 266 2383 is
282 2334 348 2382 what
364 2349 402 2382 we
419 2333 466 2382 call
479 2333 578 2400 ‘family
589 2332 750 2390 conuexi0n;'
768 2333 810 2382 the
826 2335 940 2396 meaning
956 2336 986 2393 is,

63 2389 108 2439 ‘he
119 2392 168 2441 had
179 2410 252 2454 many
263 2394 310 2442 and
321 2393 439 2455 puwerful
449 2392 582 2440 relutruns.’

89 2465 309 2516 'Detrimentoeum
325 2483 411 2517 occurs
428 2465 487 2526 only
498 2465 523 2513 in
538 2465 587 2513 this
604 2479 717 2526 passage,
730 2465 778 2514 and
793 2465 903 2526 signifies
915 2471 990 2529 ‘very

61 2525 223 2577 detrimental’
236 2543 263 2576 or
276 2526 425 2588 ‘injuriuus’

90 2601 182 2649 ¹Arere
192 2600 249 2650 here
261 2600 371 2662 signifies
384 2597 424 2648 ‘to
436 2598 528 2647 savour'
541 2614 569 2646 or
582 2597 714 2658 ‘support'

89 2675 204 2723 ‘Decetia
216 2675 236 2722 is
248 2690 278 2722 un
290 2674 368 2722 island
379 2674 405 2722 in
415 2673 456 2721 the
468 2673 531 2721 river
542 2672 638 2732 Ligeris
650 2671 750 2730 (Loire),
763 2673 810 2721 und
826 2673 868 2721 the
884 2688 952 2724 same
968 2673 991 2723 ia

61 2747 118 2782 now
129 2734 207 2782 called
219 2734 314 2782 Decise.

90 2807 271 2862 ‘Renunciuru
287 2813 327 2855 ‘to
342 2806 414 2856 elect’
427 2821 454 2854 or
468 2805 588 2863 ‘create;'
607 2807 650 2854 but
667 2806 709 2854 the
725 2822 812 2868 proper
828 2808 942 2869 meaning
957 2807 988 2865 is,

64 2870 103 2916 ‘tc
115 2881 240 2914 unnounce
252 2867 304 2914 that
316 2883 330 2914 a
341 2881 429 2927 person
440 2865 484 2912 has
495 2867 559 2913 been
570 2865 681 2913 elected.¹

90 2939 258 2988 ‘Intemiaeie
277 2942 457 3002 neugiatrutr'bus
476 2939 497 2987 is
514 2955 544 2986 ex
564 2938 644 2986 laiued
662 2940 696 2998 by
712 2954 789 2996 some,
811 2939 928 2988 ‘without
946 2939 990 2989 the

62 2999 147 3106 pertici
165 2999 231 3046 atiou
241 2998 270 3046 of
281 2999 323 3047 the
340 2999 513 3060 magistrates‚’
527 2955 583 3046 wito
595 3013 659 3045 were
674 3009 699 3044 to
711 2998 772 3046 have
790 3001 853 3047 been
870 2998 991 3048 excluded

84 3074 125 3107 om
137 3015 207 3106 these
219 3058 351 3115 elections;
368 3060 412 3106 but
425 3059 443 3105 it
454 3074 535 3106 seems
552 3071 618 3104 more
630 3056 745 3115 probable
757 3058 809 3106 that
821 3058 863 3106 the
874 3058 990 3120 meaning

63 3117 94 3175 is,
109 3123 149 3167 ‘ut
164 3117 207 3164 the
223 3117 282 3165 time
293 3117 366 3165 when
381 3118 450 3165 there
461 3133 513 3164 wue
529 3131 561 3163 no
577 3116 734 3176 magistrate3
752 3117 845 3176 thetis,
858 3117 932 3168 when
947 3117 990 3170 the

63 3177 207 3239 magistrate
219 3175 266 3224 had
277 3176 342 3234 died,
355 3176 402 3226 und
413 3176 487 3225 when
497 3175 565 3224 there
577 3191 629 3224 was
645 3178 795 3238 εινειοειῐιεγ.ν
853 3210 854 3213 =
