2146 3704
458 121 551 164 amsa
570 121 598 166 r.
939 105 996 168 tls

70 237 172 285 nostros
195 229 335 301 probibere
358 239 386 284 et
409 233 540 300 proelium
563 232 731 285 committere
754 241 908 303 coeperunt.
944 234 983 287 Re

46 345 48 349 .
70 302 193 370 pulsiab
213 305 332 370 equitatu
351 318 380 352 se
400 301 427 352 in
446 303 527 353 silvas
544 302 712 370 abdiderunt,
729 302 818 355 locum
833 307 904 356 nacti
919 320 994 371 egre-

69 372 110 437 gie
131 380 160 424 et
181 380 276 423 natura
297 380 323 422 et
343 387 423 438 opera
448 372 590 440 munitum,
610 388 692 439 quem
712 371 851 424 domestici
871 373 942 441 belli,
964 379 994 426 ut

70 441 220 509 videbatur,
234 458 316 492 causa
332 440 388 508 jarn
402 450 465 492 ante
478 450 714 510 praeparaverant:
734 459 796 494 nam
809 440 909 494 crebris
919 442 996 495 arbo·

70 510 142 562 ribus
161 511 274 563 succisis
292 526 386 561 omnes
404 509 525 561 introitus
543 519 618 562 erant
630 510 771 580 praeclusi.
808 512 862 579 Ipsi
874 528 909 562 ex
921 511 994 564 silvis

70 581 119 631 rari
140 579 360 649 propugnabant,¹
379 589 535 647 nostrosque
554 580 622 632 intra
640 581 800 633 munitiones
817 580 919 648 ingredi
937 597 994 649 pro·

71 648 208 702 bibebant.
244 651 281 701 At
304 648 405 701 milites
429 648 539 715 legionis
559 649 698 719 septimae,
720 650 855 703 testudine
876 649 947 702 facta
967 657 995 702 et

70 734 168 786 aggere
192 719 227 770 ad
251 719 414 770 munitiones
436 717 549 787 adjecto,
571 718 660 772 locum
684 729 812 789 ceperunt
836 736 936 788 eosque
960 735 994 772 ex

70 787 144 839 silvis
163 787 331 856 expulerunt,
350 788 445 856 paucis
457 788 611 841 vulneribus
627 790 754 859 acceptis.
791 789 841 842 Sed
861 807 908 842 eos
926 787 994 856 lugi·

70 866 147 909 entes
168 856 273 925 longius
293 857 391 909 Caesar
411 858 535 925 prosequi
553 859 645 928 vetuit,
665 868 692 911 et
709 859 780 928 quod
800 860 852 913 loci
872 869 994 912 naturam

71 925 209 993 ignorabat
233 936 260 979 et
283 925 363 995 quod,
384 943 484 994 magna
507 935 581 995 parte
605 928 660 981 diei
683 938 832 999 consumta,
852 928 995 982 munitioni

70 1005 218 1049 castrorum
231 1005 338 1064 tempus
350 995 462 1064 relinqui
476 997 590 1049 volebat.

107 1070 147 1118 10.
167 1066 297 1118 Postridie
315 1065 375 1134 ejus
393 1065 446 1118 diei
464 1083 545 1118 mane
564 1067 691 1136 tripartito
709 1067 819 1120 milites²
835 1067 994 1136 equitesque

70 1133 98 1186 in
112 1135 312 1202 expeditionem
331 1135 411 1205 misit,
432 1143 460 1188 ut
478 1153 532 1206 eos,
551 1137 597 1205 qui
615 1135 745 1207 fugerant,
763 1145 993 1207 persequerentur.

70 1203 118 1256 His
128 1203 296 1273 aliquantum
310 1205 411 1256 itineris
429 1207 580 1274 progressis,
594 1223 679 1273 quarn
696 1206 752 1276 jam
770 1209 884 1260 extremi
903 1216 994 1258 essent

70 1272 96 1326 in
114 1283 266 1343 prospectu,
286 1275 392 1342 equites
410 1291 426 1324 a
444 1274 475 1330 Q.
488 1275 562 1326 Atrio
580 1275 615 1326 ad
633 1277 776 1328 Caesarem
794 1284 932 1343 venerunt,
948 1275 995 1343 qui

69 1343 234 1411 nunciarent,
248 1343 382 1412 superiore
401 1351 487 1410 nocte,
499 1343 619 1395 maxima
631 1354 719 1395 coorta
731 1353 899 1412 tempestate,
913 1360 994 1411 prope

69 1428 165 1465 ornnes
182 1430 274 1465 naves
284 1412 407 1464 adflictas
425 1423 505 1478 atque
523 1412 550 1463 in
563 1412 637 1463 litore
650 1411 760 1480 ejectas³
772 1430 832 1464 esse
840 1429 848 1480 3
866 1412 935 1480 quod
948 1429 994 1464 ne·

69 1498 122 1550 que
134 1499 249 1534 ancorae
263 1481 394 1550 funesque
408 1480 600 1549 subsisterent*
614 1498 702 1550 neque
720 1491 818 1534 nautae
836 1481 994 1549 gubernato·

70 1567 166 1620 resque
181 1553 237 1603 vim
256 1552 312 1620 pati
332 1550 500 1619 tempestatis
519 1559 642 1619 possent:
662 1553 751 1620 itaque
770 1569 804 1604 ex
819 1568 851 1603 eo
863 1567 994 1604 concursu

69 1621 179 1672 navium
192 1638 320 1688 magnum
333 1638 393 1673 esse
407 1620 607 1673 incommodum
619 1630 772 1690 acceptum.

106 1696 146 1742 11.
167 1690 216 1741 His
234 1689 314 1742 rebus
332 1690 451 1758 cognitis,
473 1690 570 1745 Caesar
591 1689 711 1757 legiones
732 1689 934 1758 equitatumque
955 1705 993 1741 re·

68 1759 158 1813 vocari
176 1766 258 1827 atque
276 1760 369 1812 itinere
387 1761 517 1812 desistere
528 1759 612 1829 jubet,
626 1761 683 1829 ipse
695 1759 730 1813 ad
743 1777 826 1812 naves
838 1760 992 1812 revertitur:

70 1830 168 1882 eadem
180 1828 245 1897 sere,
259 1845 329 1897 quae
342 1846 375 1882 err
388 1830 493 1882 nunciis
505 1830 641 1898 literisque
654 1840 820 1899 cognoverat,
834 1847 923 1883 coram
935 1847 994 1927 per}

69 1899 154 1967 spicit,
177 1898 216 1949 sic
237 1907 274 1967 ut,
294 1899 400 1951 arnissis
423 1900 526 1953 circiter
549 1918 594 1954 xr..
612 1900 733 1970 navibus,
753 1901 871 1970 reliquae
892 1909 983 1952 tamen

69 1968 143 2021 refici
161 1984 241 2037 posse
258 1985 355 2035 magno
374 1971 479 2036 negotio
491 1969 653 2022 viderentur.
690 1972 784 2038 Itaque
797 1988 832 2023 ex
843 1968 994 2037 legionibus

69 2036 159 2090 fabros
177 2036 277 2104 delegit
295 2047 322 2089 et
341 2055 373 2091 err
392 2039 538 2090 continenti
554 2039 622 2091 alios
633 2041 755 2092 arcessiri
766 2039 857 2109 jubet3
875 2039 993 2091 Labieno

70 2106 160 2160 scribit
181 2115 210 2158 ut
231 2123 312 2175 quem
337 2107 466 2175 plurimas
486 2110 584 2176 possct⁶
603 2109 636 2160 iis
655 2109 811 2178 legionibus,
834 2125 902 2177 quae
924 2107 994 2160 sunt⁷

84 2235 277 2302 ,¹Propsgrtare
295 2251 352 2294 may
368 2235 446 2283 either
466 2252 538 2284 mean
556 2241 596 2283 ‘to
616 2252 684 2284 corne
702 2235 806 2283 forward
824 2245 850 2282 to
866 2235 947 2295 fight‚’
965 2252 993 2283 or

69 2295 159 2354 simply
173 2300 213 2340 ‘to
225 2295 297 2341 make
308 2311 339 2342 an
350 2296 450 2342 attach.¹

96 2367 212 2415 ’Milites
224 2367 290 2424 here,
304 2384 330 2415 as
342 2369 366 2415 in
377 2384 451 2427 many
462 2368 532 2415 other
542 2383 666 2440 passagep,
680 2368 700 2414 is
711 2367 752 2414 the
764 2382 831 2414 same
843 2382 869 2413 as
877 2369 976 2427 pedites.

96 2439 228 2489 ¹Itslitore
242 2443 325 2501 ejectos
342 2440 429 2488 should
446 2441 558 2507 properly
569 2442 598 2486 be
616 2442 642 2486 iu
659 2442 718 2487 litas
735 2441 828 2500 eiectas,
841 2441 894 2494 but,
907 2440 940 2498 by
950 2439 992 2485 tho

70 2500 184 2555 ablativa,
199 2501 257 2548 both
274 2500 316 2547 the
334 2511 372 2547 act
389 2501 417 2547 of
431 2500 494 2546 their
511 2501 584 2559 berng
601 2499 697 2545 thrown
714 2514 778 2557 upon
796 2498 836 2544 the
854 2508 931 2552 coast,
944 2497 992 2545 and

69 2559 132 2607 their
143 2561 216 2620 being
228 2561 347 2607 scattered
359 2576 385 2607 or
398 2558 511 2607 wrecked
521 2558 599 2614 there,
610 2574 649 2605 are
661 2557 792 2617 expressed
803 2558 827 2604 in
839 2573 884 2604 ono
896 2557 991 2616 phrase.

97 2632 259 2689 ‘Subsistera
273 2633 332 2680 with
344 2633 384 2679 the
401 2632 548 2686 accusative,
562 2632 582 2679 is
601 2636 640 2678 ‘to
656 2631 713 2678 hold
730 2640 772 2678 out
790 2630 901 2690 against.’
935 2630 991 2678 The

68 2691 193 2752 imperfect
206 2693 263 2739 here
275 2693 295 2739 is
307 2693 367 2739 used
379 2692 473 2739 instead
485 2691 513 2739 ol
526 2691 567 2738 the
584 2689 727 2749 pluperfect‚
740 2691 776 2738 for
788 2691 829 2738 the
847 2706 950 2749 purpose
962 2689 990 2737 ol'

67 2751 243 2862 lprppgqprgaplhq
255 2768 328 2858 gqqne
347 2767 414 2799 more
431 2751 523 2812 vividly
540 2750 621 2798 besore
640 2750 681 2798 the
698 2750 790 2798 reader.
823 2751 870 2798 Sea
890 2751 988 2808 Zumpt,

82 2884 206 2990 ,gTomea
222 2884 280 2932 here
297 2883 371 2932 resers
383 2893 408 2931 to
419 2885 535 2944 quamvis,
549 2883 630 2932 which
642 2884 662 2931 is
675 2883 774 2943 implied
792 2884 816 2931 in
833 2884 929 2930 amissis
946 2899 989 2929 aa·

66 2959 80 2990 o
105 2961 141 2991 ns.

95 3016 170 3064 ‘The
187 3015 312 3075 imperfect
324 3017 477 3076 subjunctive
491 3026 571 3078 posset
583 3018 603 3064 is
614 3017 671 3063 here
686 3016 747 3063 used
758 3014 853 3062 instead
864 3013 892 3061 of
901 3017 987 3075 possit,

66 3076 171 3125 because
183 3077 224 3124 the
237 3076 333 3136 leading
343 3078 401 3123 verb
413 3079 493 3124 scribit
505 3078 525 3124 is
537 3093 568 3124 an
578 3075 702 3122 historical
713 3083 811 3133 present
823 3072 858 3120 lor
868 3075 972 3135 scripsit.

96 3150 170 3198 ⁷The
183 3149 311 3197 indicative
323 3158 381 3196 sunt
392 3149 413 3196 is
424 3149 481 3197 here
493 3160 518 3196 to
528 3151 557 3196 be
569 3147 697 3207 explained
708 3148 742 3207 by
751 3147 937 3207 assumingthat
947 3148 988 3196 the

67 3209 149 3260 clause
160 3225 220 3274 qaae
236 3217 294 3258 sant
311 3211 376 3276 opud
393 3209 476 3261 earnis
490 3209 547 3274 only
559 3224 593 3258 an
608 3206 768 3273 explanantis
780 3207 942 3269 insertebhq
950 3208 1000 3256 dns
