2146 3704
459 118 550 159 ornan
570 118 611 160 rv.
955 99 1010 177 ως

69 219 133 289 fuga
148 219 268 276 salutem
285 231 377 293 petere
395 233 552 295 praestaret.
588 226 708 284 Quorum
720 226 798 281 timor
810 243 874 281 curn
887 226 997 282 fremitu

67 297 95 370 et
106 306 243 370 concursu
256 291 455 365 significaretur,
470 295 572 349 milites
588 295 671 348 nostri
688 295 794 365 pristini
812 296 866 349 diei
883 296 997 369 perfidia

67 368 173 435 incitati
193 378 221 413 in
244 372 332 416 castra
348 364 401 416 irru
439 372 508 418 runt.
545 365 603 426 Quo
628 364 684 417 loco
703 365 750 435 qui
774 364 897 420 celeriter
920 383 997 420 arma

68 446 167 499 capere
180 439 332 502 potuerunt,
345 450 397 504 pau
410 435 481 503 isper
493 435 588 487 nostris
601 435 753 487 restiterunt
765 443 847 504 atque
860 435 927 489 inter
939 453 995 488 oar-

69 516 112 554 ros
124 499 376 572 impedimentaque
387 503 519 573 proelium
532 505 725 557 commiserunt
732 521 740 572 3
752 511 780 556 at
792 503 895 572 reliqua
907 504 996 558 multi·
1008 500 1010 506 ’

69 569 134 624 tudo
146 587 293 640 puerorum
304 573 504 644 mulierumque
524 575 600 644 (nam
617 591 679 627 cum
699 572 825 627 omnibus
842 573 898 626 suis
917 573 1008 637 domo,

70 651 246 694 excesserant
255 643 434 712 Rhenumque
444 643 615 714 transierant)
624 644 725 714 passim
738 643 832 712 fugere
845 643 934 714 coepit
940 659 949 713 3
961 641 997 699 ad
1008 707 1010 710 ¹

71 726 140 779 quos
151 711 347 764 consectandos
359 713 457 765 Caesar
469 714 621 783 equitatum
633 713 715 766 misit.
1005 773 1008 777 ¹

109 784 150 858 Ι15.
170 781 299 850 Germani
311 791 371 850 post
384 789 487 850 tergum
500 782 617 835 clamore
635 783 745 849 audito,¹
757 799 821 835 cum
839 798 901 834 suos
916 780 1007 851 interg

71 847 116 902 fier
130 848 262 920 viderent,
282 851 364 904 armis
381 850 497 921 abjectis
513 848 649 922 signisque
667 851 830 905 militaribus
848 851 949 904 relictis
966 868 997 906 se

73 934 108 971 ex
118 919 215 973 castris
226 919 371 990 ejecerunt,
386 929 412 974 et
425 938 488 974 cum
500 921 535 975 ad
546 922 737 976 confluentem²
747 922 844 975 Mosae
863 929 891 974 et
908 921 997 976 Rheni

72 988 267 1059 pervenissent,
278 988 381 1058 reliqua
393 990 457 1059 suga
470 991 611 1060 desperata
623 1007 721 1060 magno
733 1007 845 1045 numero
857 991 997 1045 interiecto

73 1057 169 1126 reliqui
186 1075 216 1112 se
235 1059 266 1112 in
281 1059 383 1113 fiumen
402 1061 645 1130 praecipitaverunt
661 1070 743 1131 atque
755 1060 792 1114 ibi
806 1061 908 1129 timore,
922 1061 1012 1127 lassi·-

73 1127 174 1198 tudine,
185 1128 213 1181 vi
225 1128 345 1182 fluminis
358 1131 478 1200 oppressi
487 1131 631 1200 perierunt.
655 1130 746 1184 Nostri
758 1128 793 1183 ad
805 1146 890 1183 unum
902 1146 1007 1196 omnes,

73 1195 224 1268 incolumes
235 1199 378 1268 perpaucis
387 1199 535 1253 vulneratis
546 1218 580 1253 ex
592 1200 658 1254 tanti
670 1199 735 1253 belli
747 1199 851 1268 timore,
861 1216 925 1252 cum
937 1198 1006 1252 hosi

74 1266 143 1320 tium
161 1284 291 1321 numerus
309 1270 428 1338 capitum
447 1287 581 1324 ccccxxx.
600 1270 705 1323 milium
723 1269 828 1338 fuisset,
846 1286 875 1321 ss
894 1269 920 1321 in
939 1286 998 1322 cas·
1020 1262 1027 1306 l

74 1345 114 1388 tra
129 1345 298 1406 receperunt.
335 1340 433 1391 Caesar
445 1338 495 1406 his,
509 1355 577 1407 quos
589 1338 616 1391 in
629 1339 723 1391 castris
742 1339 896 1407 retinuerat,
910 1338 1008 1391 disce?

74 1404 156 1461 dandi
168 1415 330 1476 potestatem
342 1407 416 1461 fecit.
453 1407 495 1460 Illi
517 1408 649 1476 supplicia
661 1407 849 1474 cruciatusque
859 1405 998 1462 Gallorum

73 1475 161 1545 veriti,
175 1494 288 1547 quorum
300 1494 377 1545 agros
388 1485 560 1545 vexaverant,
575 1493 714 1529 remanere
727 1492 756 1527 se
768 1474 841 1544 apud
854 1491 919 1527 eum
927 1475 998 1530 velle

74 1545 210 1604 dixerunt.
245 1547 295 1599 His
307 1548 404 1600 Caesar
416 1546 569 1600 libertatem
582 1545 724 1598 concessit.
1006 1547 1007 1551 ’

84 1661 85 1664 ¹
111 1621 152 1671 16.
171 1617 331 1669 Germanico
350 1616 420 1669 bello
439 1616 561 1670 confecto
580 1615 673 1669 multis
685 1615 719 1667 de
733 1614 823 1666 causis
834 1614 933 1666 Caesar
946 1623 997 1666 sta·

74 1685 123 1738 tuit
136 1685 187 1739 sibi
198 1685 324 1743 Rhenum
338 1702 398 1740 esse
414 1686 624 1753 transeundum,
642 1701 757 1753 quarum
776 1683 822 1736 illa
840 1682 890 1735 tuit
906 1682 997 1753 justis·

74 1755 151 1824 sima,
165 1755 244 1825 quod,
258 1772 321 1809 curn
334 1755 437 1808 videret
450 1756 598 1808 Germanos
617 1763 673 1807 tarn
691 1752 781 1812 facile⁸
798 1752 908 1822 impelli,
923 1761 952 1806 ut
970 1753 1006 1814 in,

74 1825 191 1883 Galliam
203 1825 332 1895 venirent,
352 1826 408 1878 suis
425 1842 533 1894 quoque
551 1825 632 1878 rebus
650 1840 698 1876 eos
716 1823 810 1876 timere
823 1821 914 1893 voluit,
934 1839 999 1878 cum

74 1893 261 1964 intelligerent
279 1903 306 1947 et
329 1911 408 1964 posse
433 1902 459 1947 et
483 1893 583 1947 audere
607 1893 699 1964 populi
717 1893 830 1947 Romani
848 1893 999 1946 exercitum

73 1963 199 2019 Rhenum
225 1964 345 2017 transire.
380 1965 505 2017 Accessit
528 1965 612 2018 etiam
630 1963 701 2034 quod
720 1962 765 2015 illa
783 1979 846 2032 pars
863 1963 1000 2032 equitatus
1020 1995 1027 2053 ι

73 2033 218 2104 Usipetum
237 2044 264 2086 et
283 2034 483 2103 Tencterorum,
497 2050 578 2102 quarn
597 2051 678 2104 supra
695 2033 905 2086 commemoravi
923 2034 1007 2101 prae&

73 2102 157 2159 dandi
169 2102 405 2172 frumentandique
420 2120 503 2156 causa
520 2103 628 2156 Mosam
647 2103 773 2155 transisse
792 2118 881 2170 neque
899 2100 999 2170 proelio

73 2173 237 2242 interfuisse,
250 2181 309 2242 post
325 2172 418 2241 fugam
437 2189 546 2225 suorum
565 2188 594 2224 se
614 2185 685 2224 trans
703 2171 828 2224 Rhenum
840 2172 867 2224 in
879 2171 948 2223 fines
960 2170 1006 2239 si<

72 2243 247 2313 gembrorum
265 2249 403 2312 receperat
421 2258 506 2311 seque
525 2258 588 2293 oum
606 2240 639 2292 iis
657 2239 840 2308 conjunxerat.
877 2240 920 2293 Ad
932 2255 1001 2308 quos

73 2330 138 2367 cum
151 2314 249 2368 Caesar
262 2315 368 2365 nuntios
380 2311 506 2380 misisset,
517 2313 563 2379 qui
576 2309 741 2380 postularent
753 2325 807 2378 eos,
818 2307 864 2429 qui
878 2308 929 2362 sibi
937 2307 1000 2362 Gal·

23 2414 33 2433 ,
73 2382 181 2452 liaeque
200 2381 304 2436 bellum
323 2380 483 2449 intulissent,
505 2381 557 2432 sibi
574 2379 711 2447 dederent,
725 2394 819 2446 respon
842 2386 934 2430 erunt:
954 2388 1000 2447 po-

73 2453 130 2530 puli
142 2451 257 2505 Romani
269 2450 414 2521 imperium
425 2449 550 2502 Rhenum
568 2449 660 2500 finire:
680 2447 703 2498 si
715 2463 745 2498 se
757 2446 840 2498 invito
852 2447 1001 2498 Germanos

72 2539 102 2574 rn
120 2521 238 2575 Galliam
255 2521 366 2573 transire
389 2535 443 2570 non
466 2533 586 2585 aequum
608 2515 781 2584 existimaret,
801 2515 908 2567 cursui
926 2516 1005 2584 quic·

101 2701 238 2762 ¹Namely‚
252 2701 280 2749 of
291 2700 333 2748 the
345 2715 442 2748 women
453 2698 500 2747 and
511 2697 628 2746 children.

100 2789 250 2852 'confluens
267 2790 287 2837 is
303 2789 416 2848 properly
428 2804 442 2835 a
452 2786 577 2847 participle
595 2802 622 2834 or
637 2785 773 2847 adjective3
790 2785 809 2834 it
826 2785 847 2834 is
864 2784 922 2834 here
938 2785 1001 2835 used

72 2850 261 2917 substantively‚
275 2849 415 2897 audolecus
433 2848 453 2894 is
472 2856 498 2894 to
514 2849 544 2893 be
563 2845 719 2894 understood.
752 2845 808 2894 The
824 2845 911 2894 author
921 2845 1004 2906 might.

72 2909 124 2957 also
135 2909 198 2957 have
209 2909 270 2966 sard,
283 2911 315 2956 ud
324 2909 467 2969 confluentes
478 2906 574 2954 Mosam
585 2914 606 2954 et
617 2906 734 2954 Rhenum.

101 2995 214 3044 ’Caesar
224 2995 292 3052 then,
305 2995 323 3042 it
339 3009 450 3053 appears,
463 2993 504 3041 did
520 3001 562 3041 not
578 2993 674 3040 believe
690 2991 743 3040 that
761 2991 804 3038 the
821 2989 937 3056 Usipetes
953 2989 1001 3038 and

73 3055 191 3104 Tencteri
208 3054 257 3103 had
275 3057 338 3103 been
353 3052 491 3112 compelled
506 3063 531 3100 to
547 3052 599 3111 quit
618 3052 681 3099 their
696 3060 808 3110 country,
821 3048 952 3098 otherwise
969 3047 1000 3098 he

73 3114 145 3164 could
155 3124 197 3164 not
208 3115 271 3164 have
282 3112 343 3162 used
355 3113 396 3161 the
407 3112 558 3172 expression,
571 3120 619 3159 tom
627 3111 712 3171 facile.
