2146 3704
396 139 400 144 ·
490 119 584 162 nasa
600 70 632 162 r.
669 124 671 128 ⁴
702 123 705 130 '
948 109 1008 169 115

76 216 267 310 nngnitudine'
282 243 331 299 per
346 228 453 284 medios
473 230 543 283 fines
559 228 729 283 Trevirorum
746 247 765 283 a
782 231 893 286 flumine
910 205 1020 289 Rheno*

76 299 397 361 adunitiumRemomm
416 300 539 369 pertinet,
556 298 660 352 bellum
679 315 772 368 parare
793 302 914 357 instituit.
951 303 1005 359 Sed

75 375 252 438 posteaquam
268 369 386 422 nonnulli
402 369 536 439 principes
552 385 588 421 ex
604 385 637 421 ea
651 369 769 439 civitate,
782 379 810 424 et
822 372 1010 428 familiaritate

76 438 251 507 Cingetorigis
273 438 384 491 adducti
405 447 434 492 et
457 439 581 491 adventu
598 438 682 491 nostri
704 440 838 494 exercitus
861 443 1001 513 perterriti,

74 507 106 561 ad
122 509 270 562 Caesarem
283 515 413 561 venerunt
427 515 456 561 et
472 507 507 560 de
523 507 578 560 suis
590 508 716 580 privatim
728 509 809 563 rebus
819 510 855 564 ab
867 528 899 564 eo
911 520 1004 581 petere

74 585 228 649 coeperunt,
246 578 374 647 quoniam
394 577 497 630 civitati
512 578 655 631 ¹consulere
675 595 729 632 non
747 589 864 651 possent,
886 581 1003 635 Indutio-

73 661 165 700 marus
186 648 294 717 veritus,
315 665 350 701 ne
370 647 406 700 ab
428 646 555 700 omnibus
568 646 744 720 desereretur,
763 649 867 718 legatos
883 651 918 705 ad
936 652 1004 704 Cae-

73 733 162 770 sarem
182 716 277 770 mittit:
303 734 364 770 sese
382 716 479 769 idcirco
499 716 535 769 ab
553 718 610 770 suis
625 716 766 772 discedere
785 728 867 789 atque
884 737 919 774 ar.
938 737 1004 775 eum

73 787 164 840 venire
185 787 312 854 noluisse,
329 800 384 856 quo¹
402 785 509 839 facilius
525 787 663 840 civitatem
683 787 709 840 in
729 789 827 842 officiol
846 791 1002 862 contineret,

73 870 106 908 ue
124 856 215 910 omnis
232 856 379 910 nobilitatis
396 855 517 909 discessu
535 856 613 926 plebs
624 865 731 928 propter
742 859 952 930 imprudentiam
964 861 1002 914 la·

73 923 201 984 beretur.²
235 926 329 995 ltaque
353 942 415 978 essa
438 926 578 979 civitatem
597 926 625 979 in
645 944 694 979 sua
713 936 844 997 potestate
864 947 956 1000 seque,
978 930 1003 984 si

73 995 172 1048 Caesar
186 995 361 1066 permitteret,
373 995 408 1048 ad
425 1011 489 1048 eum
506 996 533 1048 in
551 1005 639 1048 castra
653 1006 798 1051 venturum
814 1006 841 1052 et
858 1017 922 1053 suas
937 1000 1003 1053 civi·

72 1065 187 1134 tatisque
199 1066 319 1118 fortunas
330 1064 390 1135 ejus
400 1064 474 1118 fidei⁸
484 1066 686 1134 permissurum.

104 1139 130 1187 4.
149 1135 256 1204 Caesar,
275 1135 326 1188 etsi
350 1134 524 1204 intelligebat,
542 1153 596 1204 qua
619 1135 654 1189 de
677 1153 759 1190 causa
783 1153 817 1190 ea
840 1138 1000 1210 dicerentur,

71 1211 196 1274 quaeque
216 1221 280 1257 eum
298 1221 341 1257 res
356 1203 392 1256 ab
411 1205 532 1256 instituto
548 1206 658 1258 consilio
675 1206 828 1275 deterreret,
846 1217 945 1278 tamen,
966 1225 1002 1262 ne

70 1273 249 1328 aestatem‘in
269 1274 386 1327 Treviris
405 1289 564 1326 consumere
583 1284 729 1344 cogeretur,
747 1276 873 1331 omnibus
892 1278 927 1330 ad
946 1278 1001 1330 Bri·

70 1343 209 1398 tannicum
219 1342 323 1397 bellum
344 1341 425 1396 rebus
444 1343 611 1411 comparatis,
625 1343 836 1397 Indutiomarum
847 1346 882 1397 ad
894 1362 924 1398 se
937 1363 1001 1400 curn

70 1411 194 1466 ducentis
216 1412 356 1466 obsidibus
375 1411 466 1464 venire
489 1411 576 1481 jussit.
612 1411 662 1464 His
682 1411 817 1483 adductis,
839 1413 866 1466 iu
889 1413 922 1466 iis
945 1415 1000 1467 filio

70 1482 209 1553 propinqui
242 1499 276 1535 ue
290 1481 350 1552 ejus
361 1481 494 1550 omnibus,
507 1497 575 1550 quos
586 1480 744 1534 nominatim
756 1491 924 1553 evocaverat,
938 1500 1000 1537 con·

70 1551 170 1606 solatus
190 1553 220 1606 ln
241 1553 401 1605 utiomarum
422 1550 595 1619 hortatusque
614 1557 663 1620 est,
681 1550 721 1604 uti
740 1551 767 1604 in
787 1552 874 1605 officio
894 1570 1000 1622 perma-

69 1631 161 1675 neret:
180 1621 264 1676 nihilo
277 1630 368 1674 tamen
386 1621 475 1673 secius
487 1619 652 1700 principibus
664 1620 834 1675 Trevirorum
846 1621 882 1674 ad
895 1618 924 1675 se
937 1638 1000 1676 oon·

69 1693 178 1761 vocatis,
200 1692 250 1745 hos
270 1691 426 1760 singillatim
447 1691 609 1758 Cingetorigi
631 1690 799 1744 conciliavit:
823 1691 895 1760 quod
914 1708 999 1762 quum

68 1762 165 1815 merito
177 1761 247 1831 ejus⁴
257 1760 293 1814 ab
306 1777 335 1813 se
347 1761 405 1814 fieri
417 1759 590 1829 intelligebat,
604 1768 661 1814 tum
674 1761 766 1830 magni
779 1761 909 1815 interesse
927 1762 997 1815 arbi·

69 1831 195 1901 trabatur,
209 1830 269 1902 ejus
285 1831 472 1884 auctoritatem
491 1831 558 1882 inter
570 1846 633 1883 suos
644 1847 726 1900 quam
739 1831 885 1901 plurimum
898 1832 996 1904 valere,

68 1899 147 1971 cujus
164 1909 220 1954 tam
237 1901 374 1968 egregiam
390 1901 416 1953 in
435 1917 464 1952 se
481 1900 649 1953 voluntatem
668 1901 857 1971 perspexisset.
893 1902 924 1955 ld
943 1902 998 1955 lac·

68 1972 136 2024 tum⁸
153 1970 271 2040 graviter
294 1970 354 2023 tulit
377 1969 580 2050 Indutiomarus,
605 1987 684 2023 suam
706 1973 820 2038 gratiam
844 1972 912 2024 inter
936 1987 998 2025 suos

67 2039 161 2110 minui,
175 2049 203 2092 et
223 2039 270 2109 qui
288 2039 345 2108 jam
365 2048 427 2092 ante
448 2040 557 2093 inimico
572 2056 600 2092 rn
619 2057 669 2093 nos
688 2041 779 2093 animo
794 2041 897 2111 suisset,
911 2042 997 2095 multo

66 2110 174 2180 gravium
185 2109 236 2162 hoo
248 2109 337 2166 dolore
350 2108 456 2162 exarsit.

102 2184 127 2233 5.
146 2179 196 2234 His
211 2179 292 2233 rebus
308 2180 465 2249 constitutis,
479 2179 577 2231 Caesar
592 2177 627 2229 ad
649 2186 754 2248 portum
775 2179 856 2231 Itium
875 2196 937 2233 cum
958 2180 1005 2233 le·-

67 2403 99 2452 vi.
111 2407 150 2461 29,
164 2407 200 2452 33.
233 2404 257 2452 A
269 2401 403 2464 portiones
415 2402 433 2450 it
444 2401 496 2449 still
506 2399 706 2459 exists,'bearing
717 2397 759 2446 the
770 2398 880 2447 name'of
892 2399 934 2446 the
945 2400 994 2450 Ar·

66 2462 147 2511 denne
157 2463 239 2513 forest.
525 2508 528 2513 .

97 2539 105 2566 ¹
119 2536 224 2598 Officium
234 2536 372 2596 frequently
383 2534 428 2582 has
439 2533 480 2581 the
496 2531 610 2593 meaning
626 2530 654 2581 of
668 2529 834 2589 ‘obedience,’
848 2532 996 2596 comprising

67 2595 100 2643 all
111 2595 164 2644 that
175 2612 287 2656 aperson
298 2597 318 2644 is
330 2595 412 2643 bound
423 2603 448 2642 to
459 2594 490 2641 do
501 2595 534 2652 by
543 2593 591 2640 law
601 2607 628 2639 or
639 2600 787 2652 agreement.

95 2670 200 2728 ’lobon
214 2676 219 2697 ¹
230 2680 255 2719 to
265 2668 338 2731 glide’
350 2685 377 2717 or
388 2668 448 2727 ‘slip
456 2668 473 2725 ς’
488 2665 595 2726 namely,
605 2665 667 2713 from
678 2665 719 2714 the
730 2666 788 2726 path
799 2664 827 2715 of
834 2666 901 2728 duty.
922 2666 995 2717 Plebs

68 2728 89 2777 is
99 2729 158 2778 here
170 2730 211 2778 the
222 2730 317 2791 people,
331 2745 358 2777 as
369 2728 468 2776 distinct
479 2726 542 2774 from
553 2726 594 2773 the
606 2725 709 2785 nobility
720 2741 747 2773 or
758 2726 911 2787 aristomacy.

96 2803 233 2864 ⁸Namely,
247 2814 272 2852 to
283 2804 324 2852 the
334 2805 407 2866 fides,
420 2817 448 2850 or
458 2800 536 2849 virtue
547 2799 594 2849 and
604 2800 709 2860 honesty
720 2800 802 2848 which
813 2800 994 2849 Indutiomarus

67 2863 180 2912 believed
190 2873 217 2912 to
227 2863 291 2912 exist
302 2863 327 2912 in
339 2863 438 2911 Caesar.
470 2861 520 2909 See·
528 2860 560 2908 iv.
572 2863 610 2917 21,
623 2869 681 2908 note
691 2862 714 2907 l.
840 2866 841 2870 ’

98 2936 233 2997 ¹Namely,
250 2937 419 2998 Cingetorigis.

96 3012 107 3041 ⁶
116 3009 171 3059 The
178 3010 245 3060 word
255 3011 378 3072 idscctcm
387 3010 407 3057 is
416 3007 544 3067 explained
555 3008 586 3066 by
593 3006 634 3053 the
644 3005 726 3054 clause
735 3006 920 3066 sucmgrctr'am,
930 3005 991 3065 due,

67 3069 109 3118 the
120 3071 188 3119 word
196 3072 292 3138 scotum
302 3070 376 3130 being
386 3069 427 3117 the
438 3066 537 3138 general
548 3082 576 3113 or
586 3067 692 3112 abstract
703 3073 775 3119 term,
788 3063 829 3111 the
841 3064 890 3111 real
906 3074 992 3115 nature

66 3128 96 3175 of
102 3129 183 3178 which
194 3145 216 3177 rs
226 3147 295 3176 suum
303 3131 408 3190 gratiam
417 3129 502 3175 micui.
534 3125 590 3173 The
598 3123 666 3190 word
674 3125 716 3184 qui
726 3123 835 3172 contains
846 3124 888 3173 the
900 3124 955 3174 idea
964 3124 994 3176 οἱ

67 3203 147 3248 quum,
160 3189 277 3250 denoting
286 3203 365 3244 coare,
378 3187 479 3236 whence
490 3185 533 3235 the
544 3184 699 3245 subiunctus
710 3184 811 3246 [aare.
