2146 3704
465 121 557 162 urana
576 122 619 165 tv.
945 100 1004 166 1⁰⁰.

76 247 167 302 nequo
185 229 243 286 ulla
266 228 362 282 nostris
378 229 492 283 facultas
509 239 556 282 aut
573 227 776 281 administrandi
792 235 839 281 aut
855 226 1002 282 auxiliandi

76 302 201 356 dabatur.
246 299 432 368 Compluribus
450 300 563 352 navibus
583 297 673 350 lractis
692 297 810 365 reliquae
828 313 891 349 cum
911 306 1002 351 essent

68 371 196 440 donibus,
209 370 314 422 ancoris
331 369 491 438 reliquisque
508 366 683 421 armamentis
700 366 806 419 arnissis
823 366 857 417 ad
877 366 1001 434 navigan-

31 485 32 488 ,
76 441 144 495 dum
165 439 284 506 inutiles,
305 456 410 508 magna,
431 437 458 490 id
478 437 549 507 quod
569 453 681 489 necesse
701 443 757 488 erat
777 433 909 504 accidere,
922 435 1002 490 totius

76 509 214 564 exercitus
237 508 399 577 perturbatio
423 507 494 560 lacta
518 516 567 560 est,
603 507 700 574 Neque
724 504 798 558 enirn
821 520 905 557 naves
927 513 1002 558 erant

77 580 157 648 aliae,
179 578 278 647 quibus
297 577 422 646 reportari
442 585 558 646 possent,
579 583 606 629 et
625 574 714 628 omnia
737 573 855 644 deerant,
877 590 947 642 quae
967 574 1003 628 ad

79 649 240 704 reficiendas
262 664 345 699 naves
374 656 449 700 erant
472 647 540 715 usui,
565 653 593 698 et
616 643 687 714 quod
715 642 840 697 omnihus
863 643 1003 698 constabat

79 718 194 773 hiemari
206 718 231 770 in
244 717 332 770 Gallia
343 726 470 786 oportere,
484 715 649 769 frumentum
661 713 703 768 his
715 713 742 767 in
754 713 820 767 locis
837 714 864 767 in
882 712 1004 768 hiemem

79 788 217 857 prouisum
228 795 358 842 nouerat.

112 862 156 911 3⁰.
174 855 279 914 Quibus
302 855 383 908 rebus
406 854 517 923 cognitis
539 853 674 924 principes
693 852 853 921 Britanniae,
875 852 922 923 qui
944 861 1003 924 post

80 926 211 996 proelium
227 925 262 978 ad
281 925 426 978 Caesarem
448 933 634 992 convenerant,
654 923 722 976 inter
739 941 770 976 se
787 923 919 993 collocuti,
938 940 1004 978 oum

80 996 186 1066 equites
202 1003 230 1047 et
247 1012 331 1048 nares
349 1003 377 1046 et
394 994 561 1048 frumentum
578 993 704 1047 Romanis
714 991 811 1046 deesse
822 993 1004 1061 intelligerent

80 1074 106 1119 et
118 1064 287 1136 paucitatem·
301 1062 418 1117 militurn
429 1081 464 1117 ex
475 1073 623 1118 castrorum
640 1063 786 1130 exiguitate
804 1070 1001 1133 cognoscerent,

79 1151 149 1203 quae
172 1134 232 1189 hocl
252 1145 327 1186 erant
350 1133 433 1187 etiam
455 1134 614 1203 angustiora,
632 1131 704 1201 quod
727 1132 784 1185 sine
803 1130 1004 1202 impedimentis

80 1205 177 1258 Caesar
202 1203 323 1272 legiones
348 1211 577 1272 transportaverat,
596 1204 729 1272 optimum
751 1202 825 1256 factu
850 1218 911 1254 esse
937 1201 1003 1256 dux·

80 1283 156 1328 erunt
177 1273 323 1327 rebellione
343 1272 414 1324 lacta
434 1272 567 1325 frumento
590 1282 799 1340 commeatuque
821 1280 924 1323 nostros
945 1288 1003 1340 pro·

80 1341 171 1397 hibere
183 1351 211 1395 et
224 1360 281 1395 rem
302 1342 329 1394 in
348 1341 468 1394 hiemem
485 1341 631 1410 producere
653 1339 724 1408 quod
744 1341 788 1393 his
806 1340 938 1407 superatis
956 1349 1004 1394 aut

81 1413 164 1467 reditu
189 1411 342 1465 interclusis
366 1411 503 1464 neminem
523 1423 616 1479 postca
633 1379 700 1461 betti
721 1407 854 1461 inserendi
874 1424 956 1460 causa
975 1409 1003 1463 in

80 1481 243 1535 Britanniam
274 1480 444 1534 transiturum
473 1479 651 1532 confidebant.
698 1478 793 1546 Itaque
823 1493 913 1530 rursus
941 1493 1003 1532 cort·

78 1549 208 1620 juratione
221 1551 293 1604 lacta
304 1549 436 1620 paulatim
447 1565 482 1602 ex
493 1549 587 1602 castris
604 1547 743 1602 discedere
755 1563 788 1600 ac
800 1563 863 1600 suos
879 1545 951 1600 clam
968 1564 1004 1602 ex

79 1622 147 1690 agris
160 1620 304 1674 deducere²
319 1627 472 1688 coeperunt.

111 1696 154 1743 ³1.
173 1691 210 1744 At
233 1689 339 1758 Caesar,
364 1689 415 1741 etsi
439 1687 559 1741 nondum
582 1702 675 1740 eorum
698 1683 811 1739 consilia
833 1695 1001 1757 cognoverat,

79 1766 169 1813 tamen
181 1772 208 1811 et
220 1776 255 1812 ex
272 1770 371 1812 eventu
389 1758 510 1811 navium⁸
522 1774 631 1810 suarum
651 1763 678 1809 et
696 1769 732 1820 ex
751 1770 791 1823 eo,
804 1754 875 1824 quod
894 1755 1003 1810 obsides

78 1829 140 1882 dare
153 1829 359 1896 intermiserant,
373 1827 429 1880 lore
440 1827 476 1897 id,
489 1826 561 1896 quod
572 1826 677 1894 accidit,
691 1824 884 1895 suspicabatur.
907 1826 1003 1896 Itaque

77 1898 111 1952 od
128 1915 225 1952 ornnes
242 1915 322 1951 casus
339 1897 466 1967 subsidia,
481 1896 673 1966 comparabat.⁴
707 1897 778 1949 Nam
798 1903 825 1949 et
836 1894 1003 1950 frumentum

79 1983 113 2033 ex
134 1968 207 2036 agris
230 1967 350 2036 quotidie
370 1968 398 2020 in
417 1975 505 2020 castra
528 1967 682 2020 conferebat
701 1973 729 2018 et
749 1981 819 2035 quae
842 1966 1002 2034 gravissime

77 2037 192 2102 afflictae
219 2044 295 2089 erant
313 2053 404 2107 naves,
418 2053 512 2089 earum
530 2036 645 2089 materia
662 2045 743 2105 atque
763 2052 826 2087 aere
838 2035 873 2088 ad
886 2036 1004 2104 reliquas

78 2106 239 2160 reficiendas
257 2105 382 2159 utebatur
393 2116 420 2160 et
433 2121 503 2174 quae
523 2106 558 2157 ad
579 2121 627 2158 aas
646 2122 689 2158 res
708 2112 784 2157 erant
803 2105 872 2174 usui,
886 2122 921 2159 ex
940 2121 1002 2158 oon·

78 2176 172 2228 tinenti
196 2175 354 2244 comportari
377 2173 498 2243 jubebat.
542 2174 637 2242 Itaque
660 2189 723 2226 cum
747 2189 853 2224 summo
876 2174 966 2227 studio
985 2191 1002 2226 a

78 2245 208 2298 militibus
231 2245 466 2312 administraretur,
490 2259 540 2297 x11.
565 2242 680 2296 navibus
702 2241 816 2311 amissis,
842 2242 950 2311 reliquis
974 2250 1003 2297 ut

78 2314 200 2383 navigari
212 2313 354 2366 commode
372 2321 470 2384 posset,
484 2312 584 2365 effecit.

111 2388 154 2435 32.
173 2384 247 2436 Dum
264 2401 296 2435 ca
314 2392 449 2452 geruntur,
468 2382 574 2448 legione
600 2396 636 2432 ex
658 2377 852 2431 consuetudine
876 2396 930 2433 una
949 2380 1002 2432 sru-

77 2461 229 2505 mentatum
245 2452 337 2520 missa,
356 2468 426 2521 quae
443 2449 629 2520 appellabatur
646 2447 768 2517 septima,
788 2463 877 2515 neque
894 2448 949 2501 ulla
966 2448 1002 2502 ad

105 2639 189 2696 ¹Hoc,·
202 2638 251 2687 this
262 2639 367 2688 ablativa
379 2638 400 2686 is
411 2638 452 2686 the
463 2654 531 2687 same
543 2654 569 2686 as
577 2647 674 2700 propter
683 2640 731 2695 boc,
742 2640 836 2686 orbona
844 2640 873 2686 ob
882 2655 941 2698 rem;
954 2639 1002 2689 and

77 2695 117 2745 the
129 2697 256 2758 following
268 2701 338 2746 etium
349 2699 369 2746 is
381 2698 423 2745 the
434 2713 501 2746 same
513 2714 540 2746 as
554 2697 635 2746 ‘stilh‘

104 2786 113 2814 ²
124 2784 241 2845 Namely‚
255 2801 326 2845 away
336 2784 398 2833 from
409 2784 472 2832 their
482 2784 577 2842 homes,
590 2785 637 2834 and
649 2794 674 2834 to
684 2801 699 2835 a
708 2786 777 2846 place
788 2785 870 2835 which
881 2786 959 2848 might
969 2787 1001 2835 bo

76 2840 103 2890 fir
113 2842 151 2892 sor
161 2844 266 2904 forming
277 2844 345 2892 them
357 2845 407 2892 into
418 2861 450 2892 an
460 2859 536 2905 army.

103 2931 231 2980 'Eventus
246 2934 357 2990 navium
375 2931 427 2980 that
444 2932 474 2990 is,
488 2935 516 2981 id·
525 2936 587 2994 quod
603 2944 710 2983 coenem
721 2936 831 2992 morbus,
847 2933 923 2982 ‘from
933 2931 1000 2980 what

75 2988 122 3038 had
133 2991 261 3050 happened
272 3002 297 3039 to
308 2992 346 3039 his
358 2992 444 3051 ships!

104 3077 113 3104 ⁴
123 3075 237 3125 Subsidia
248 3075 306 3123 here
323 3092 363 3124 are
374 3087 417 3125 not
428 3077 559 3134 subsidias,
569 3079 612 3125 but
623 3093 667 3125 cve
708 3077 842 3126 assistance
857 3077 911 3127 that
927 3076 999 3128 could

77 3133 106 3182 bo
116 3134 218 3183 devised
228 3134 325 3196 against
335 3151 383 3196 any
394 3135 489 3184 sudden
499 3136 618 3185 outbrealr
629 3136 656 3184 ol
668 3145 677 3184 t
697 3153 710 3186 e
721 3136 830 3188 Britons.

163 3225 192 3260 ln
