2146 3704
106 256 149 320 54
408 274 449 326 nu
471 273 568 315 sumo
589 274 728 316 nnnnroo.

106 389 323 464 commeatuque,
348 381 394 506 qui
423 400 457 437 en
486 382 630 455 Sequanis·
646 392 673 437 et
696 380 801 437 Aeduis
823 376 1030 462 supportaretur,

107 457 252 511 Caesarem
270 460 354 506 mterc
366 452 469 508 oderet.
505 455 546 508 Ex
565 470 597 506 eo
616 452 659 506 dis
678 453 737 507 dies
756 453 894 506 continuos
912 468 1032 523 quinque

106 526 206 581 Caesar
224 541 271 595 pro
289 523 385 579 castris
402 540 465 578 suas
483 524 573 595 copias
590 522 713 593 produxit
725 532 754 576 et
770 524 860 577 aciem
875 523 1033 576 instructam

105 594 208 666 habuit,
222 602 259 666 ut,
272 593 296 647 si
307 593 390 647 vellet
401 593 551 651 Ariovistus
568 592 667 665 proelio
686 593 855 663 contendere,
869 591 896 646 ei
913 598 1035 664 potestas

106 671 160 721 non
171 664 289 719 deesset.
315 663 467 717 Ariovistus
477 663 521 718 his
531 662 657 718 omnibus
668 663 765 717 diebus
777 662 927 717 exercitum
939 660 1035 716 castris

107 734 245 806 continuit,
254 732 373 805 equestri
385 732 485 805 proelio
496 733 615 803 quotidie
626 732 770 787 contendit.
800 733 894 787 Genus
905 732 966 786 hoc²
976 738 1035 784 erat

106 821 222 879 pugnae,
236 821 289 875 quo
308 818 337 856 se
355 802 484 856 Germani
502 810 686 859 exercuerant.
722 801 852 874 Equitum
869 803 946 857 milia
958 807 1035 856 erant

107 892 165 945 sex,
178 873 290 928 totidem
300 888 413 926 numero
425 871 531 952 pedites
541 870 704 926 'velocissimi
715 889 749 926 ac
762 872 908 942 fortissimi,
919 887 988 946 qnos
999 886 1035 927 ex

107 944 181 1005 omni
200 943 279 1015 copia
298 941 397 1010 singuli
417 941 537 1012 srngulos
559 959 625 996 suae
649 941 744 996 salutis
766 958 848 996 causa
867 938 1034 1012 delegerant.

108 1014 178 1073 Cum
188 1011 233 1067 his
245 1013 273 1066 in
284 1011 394 1083 proeliis
401 1011 583 1082 versabantur,
592 1011 628 1065 ad
640 1028 687 1066 eos
699 1028 729 1066 se
741 1011 846 1092 equites
854 1011 1035 1083 recipiebantt

59 1134 61 1139 .
107 1078 145 1154 hi,
158 1081 258 1153 siquid
277 1089 334 1136 erat
351 1079 463 1152 durius,’
473 1082 674 1152 concurrebant,
688 1081 711 1135 si
727 1097 774 1153 qur
791 1081 912 1151 graviore
923 1081 1036 1135 vulnere

107 1159 221 1222 accepto
239 1164 308 1223 equo
326 1150 475 1222 deciderat,
485 1145 732 1205 circumsistebant:
750 1151 774 1203 si
786 1167 839 1222 qno
857 1159 914 1206 erat
931 1149 1037 1220 longios

108 1220 296 1293 prodeundum
307 1228 354 1274 aut
365 1220 481 1275 celerius
492 1219 685 1292 recipiendum,
698 1227 773 1274 tante
784 1229 841 1275 erat
853 1221 949 1275 horum
960 1236 1037 1274 exsr-

107 1290 234 1346 citatione
246 1289 376 1363 celeritas,
389 1298 420 1344 ut
435 1289 510 1362 jubis
527 1306 657 1361 equorum
674 1289 809 1362 sublevati
823 1291 944 1346 currum'
954 1284 1036 1367 adae

128 1369 231 1419 nerent.

109 1377 128 1433 q
144 1434 187 1485 49.
204 1429 260 1487 Ubi
277 1446 341 1484 eum
359 1429 452 1484 castris
469 1446 499 1483 se
517 1436 608 1484 tenere
620 1430 718 1484 Caesar
729 1428 868 1502 intellexit,
880 1446 915 1483 ne
935 1429 1038 1485 diutius

109 1508 264 1556 commeatu
272 1498 463 1572 prohiberetur,
472 1499 542 1554 ultra
553 1516 617 1554 eum
628 1499 727 1571 locum,
737 1516 790 1624 ppo
802 1500 830 1555 in
842 1501 900 1554 loco
908 1497 1038 1555 Gennaoi

109 1570 294 1641 consederant,
307 1568 412 1624 circiter
426 1586 523 1640 passus
540 1578 681 1624 sexcentos
692 1569 728 1625 ab
760 1569 789 1641 's,
803 1570 897 1639 castris
908 1568 1038 1625 idoneum

109 1638 198 1695 locum
216 1638 317 1711 delegit
335 1639 448 1710 acieque
466 1638 564 1720 triplici
580 1639 710 1694 instructa
723 1641 759 1694 ad
773 1656 838 1694 enm
849 1640 941 1694 locum
951 1638 1037 1694 venit.

108 1708 229 1779 Prirnam
252 1716 279 1763 et
303 1709 451 1763 secundam
470 1725 559 1763 aorem
582 1709 609 1763 in
629 1710 712 1764 armis
731 1726 800 1780 esse,
820 1710 1038 1773 tertiam‘castra

108 1779 215 1834 munire
231 1776 319 1850 jussit.
332 1768 407 1857 lffi⁰
423 1777 499 1832 locus
515 1778 551 1833 ab
567 1776 645 1833 hoste
663 1778 767 1834 circiter
778 1796 875 1852 passus
886 1787 1036 1851 sexcentos,

108 1848 149 1903 uti
161 1848 264 1915 dietum
275 1855 324 1919 est,
334 1847 435 1902 aberat.
472 1848 512 1902 Eo
524 1848 629 1902 circiter
640 1847 782 1913 hominnm
793 1865 904 1904 numero
916 1848 1038 1904 sedecim

109 1916 184 1972 milia
206 1916 334 1987 expedita
356 1934 419 1971 eum
442 1917 516 1971 omni
545 1918 666 1988 equitatu
688 1919 838 1973 Ariovistus
859 1919 941 1991 misit,
966 1916 1037 2001 qnae

110 1984 204 2056 copiae
215 1993 319 2040 nostros
330 1993 507 2057 perterrerent
524 1993 552 2041 et
568 1987 717 2042 munitione
732 1988 909 2061 prohiberent.
945 1988 1038 2043 Nihilo

110 2055 200 2110 secius
210 2057 316 2127 Caesar,
328 2063 358 2110 ot
369 2063 432 2109 ante
445 2056 625 2126 constituerat,
638 2056 707 2112 duas
723 2059 797 2112 acies
814 2058 921 2112 hostem
932 2056 1036 2130 propul-

110 2140 177 2198 sare,
191 2125 298 2180 tertiam
315 2141 383 2207 opns
399 2125 528 2196 perficere
545 2124 633 2196 jussit.
669 2127 784 2182 Munitis
802 2127 982 2192 castrisdnas
999 2126 1037 2182 rhi

109 2192 231 2265 legiones
251 2194 358 2267 reliqurt
378 2203 406 2248 et
428 2204 534 2267 partem
552 2195 720 2270 anxiliontm,
742 2205 852 2270 quatuor
872 2196 989 2269 reliquas
1007 2197 1037 2252 in

109 2272 198 2319 castra
208 2262 436 2335 majorarednrit.
656 2270 659 2275 ’

120 2396 123 2401 ‚
145 2338 188 2388 50.
212 2334 335 2389 Proximo
358 2334 403 2388 die
425 2335 545 2389 instituto
568 2336 625 2403 suo⁴
644 2336 743 2390 Caesar
762 2353 778 2390 e
797 2337 892 2391 castris
914 2336 1036 2408 utrisque

109 2404 202 2486 copias
219 2420 282 2459 snas
299 2403 391 2459 eduxit
407 2403 571 2475 paulumque
582 2405 758 2477 amajoribus
773 2405 868 2460 eastris
881 2423 927 2478 pro
949 2423 1037 2461 nessus

109 2473 347 2545 acreminstntxi13
365 2473 488 2539 hostibus
498 2474 634 2544 pugnandi
650 2482 813 2547 potestatem
823 2476 900 2544 fecit,
927 2424 988 2531 ltbi
1000 2490 1035 2530 ne

111 2549 169 2605 tum
181 2544 346 2617 quidemeos
356 2543 463 2616 prodite
474 2543 614 2617 intellexit,
624 2544 729 2599 circiter
735 2544 878 2600 meridiem
886 2544 1036 2600 exercitum

109 2612 138 2667 in
156 2622 247 2668 castra
265 2613 379 2669 reduxit.
414 2614 487 2668 Tum
506 2613 619 2669 demum
635 2612 784 2669 Ariovistus
802 2622 908 2688 partem
927 2631 1036 2669 suarum

109 2683 254 2754 copiarum,
274 2700 345 2753 qnae
370 2691 458 2737 castra
485 2684 591 2738 minora
618 2694 790 2755 oppugnaret,
810 2685 894 2739 misit.
930 2685 1037 2740 Acriter

108 2752 243 2822 utrimque
265 2769 351 2822 usque
373 2752 408 2806 ad
428 2769 573 2822 vesperum
595 2770 613 2825 p
667 2762 743 2811 atum
766 2761 815 2808 est.
851 2754 918 2810 Solis
937 2771 1037 2809 occasu

110 2836 173 2875 suas
190 2820 281 2892 copias
291 2821 442 2877 Ariovistus
458 2821 552 2877 multis
569 2829 597 2877 et
616 2822 622 2835 '
644 2823 696 2877 atis
707 2831 735 2879 et
749 2824 869 2896 acceptis
879 2824 1036 2881 vulneribus

139 3011 211 3063 ¹Hoo
220 3010 296 3063 resera
306 3020 332 3061 to
342 3011 385 3061 the
396 3010 545 3071 description
554 3012 752 3073 whichtollows.
804 3030 806 3035 ·

109 3086 224 3196 uszfflbat
234 3085 265 3146 is.
278 3083 300 3136 if
312 3094 336 3136 at
351 3100 399 3148 any
409 3084 540 3148 particular
553 3086 621 3152 point
636 3087 679 3139 the
694 3089 786 3150 danger
795 3102 848 3140 was
863 3096 961 3152 greater
975 3087 1036 3169 then

138 3218 276 3280 'Conona-
293 3220 400 3283 namaly,
412 3236 533 3285 equorum.

138 3293 148 3325 ⁴
159 3292 309 3356 ¹According
318 3303 345 3345 to
354 3294 394 3344 his
402 3286 485 3356 plan!
