2146 3704
472 119 564 161 ursan
583 120 610 161 r.
947 103 1006 165 133

67 225 122 299 qui
140 233 290 298 cesserant,
308 236 336 281 et
353 228 388 282 ab
406 229 445 299 iis,
464 230 511 298 qui
529 229 642 298 proximi
660 236 794 298 steterant,
812 228 1005 288 circumvenie-

68 298 192 367 bantur;
216 299 258 352 sin
281 307 374 351 autem
396 298 487 352 locum
510 307 601 352 tenere
622 298 729 367 vellent,
750 315 801 350 nec
822 298 910 351 virtuti
931 300 1005 355 locus

68 367 289 438 relinquebatur,
302 384 390 437 neque
409 368 443 422 ab
462 377 536 421 tanta
553 368 726 421 multitudine
745 366 866 436 conjecta
878 368 932 420 tela
943 387 1004 423 con·

67 435 139 490 ferti
168 438 253 489 vitare
279 445 409 507 poterant.
453 438 559 489 Tamen
585 446 622 489 tot
648 437 825 489 incommodis
851 438 1002 519 conflictati,

67 505 171 560 multis
184 505 339 559 vulneribus
358 507 476 576 acceptis
503 506 671 576 resistebant,
690 514 719 558 et
738 523 835 574 magua
855 514 930 575 parte
951 507 1005 561 dier

68 585 229 642 consumta,
242 592 326 644 quum
343 593 359 627 a
376 578 462 644 prima
485 593 533 628 nce
546 575 581 628 ad
594 575 686 629 horam
699 584 822 628 octavam
834 586 1002 649 pugnaretur,

69 644 152 713 nihil,
176 644 248 713 quod
272 645 337 713 ipsis
361 654 432 697 esset
456 645 605 715 indignum,
630 645 842 698 committebant.
879 647 950 699 Turn
970 646 1002 700 T.

69 713 226 782 Balveutio,
245 715 292 782 qui
313 715 447 783 superiore
467 731 536 766 anno
557 716 673 784 primum
698 714 783 783 pilum
805 712 926 786 duxerat,
947 717 1003 770 viro

70 781 138 835 sorti
157 791 186 835 et
204 799 319 850 magnae
338 783 508 852 auctoritatis,
527 793 671 853 utrumque
691 784 779 836 femur
798 783 901 854 tragula
920 794 1002 839 trans-

69 850 184 921 jicitur:
214 851 246 910 Q.
267 852 409 921 Lucauius,
430 851 553 922 ejusdem
577 854 683 921 ordinis,
705 853 848 906 fortissime
872 870 1001 927 pugnans,

70 921 145 973 dum
169 920 353 974 circumvento
377 922 430 974 filio
455 921 586 991 subvenit,
608 923 778 975 interficitur:
810 923 840 975 L.
860 924 943 994 Cotta,
965 925 1002 978 le-

70 999 164 1111 ἕως,
178 1007 272 1046 omnes
290 990 413 1044 cohortes
431 991 590 1061 ordinesque
605 992 756 1062 adhortans,
769 993 803 1044 iu¹
816 991 1002 1048 adversumne

85 1059 161 1112 unda
175 1059 335 1112 vulneratur.
956 1114 957 1118 Ἰ

111 1133 155 1182 36.
176 1129 224 1180 His
243 1128 323 1181 rebus
341 1138 478 1198 permotus
497 1129 529 1188 Q.
543 1131 669 1200 Titurius,
683 1147 766 1201 quum
785 1131 875 1200 procul
891 1132 1002 1186 Ambio·

72 1197 164 1267 rigem
183 1214 246 1250 suos
263 1197 447 1251 cohortantem
465 1201 655 1270 conspexisset,
669 1202 842 1269 interpretem
859 1218 940 1254 suum
951 1204 1000 1256 Cn.

73 1267 238 1336 Pompeium
263 1267 298 1320 ad
325 1284 388 1320 eum
416 1267 504 1334 mittit,
531 1277 659 1348 rogatum,
684 1278 713 1321 ut
738 1269 789 1321 sibi
814 1270 1000 1339 militibusque

71 1345 177 1404 parcat.
214 1337 262 1389 Ille
282 1337 443 1407 appellatus²
462 1336 611 1405 respondit:
636 1355 659 1389 si
678 1338 743 1390 velit
763 1354 858 1389 secum
876 1339 999 1410 colloqui,

72 1406 158 1458 licere
166 1423 175 1474 3
194 1423 307 1475 sperare,
321 1424 338 1459 a
350 1405 521 1459 multitudiue
534 1406 669 1475 impetrari
688 1423 774 1475 posse,
788 1405 859 1475 quod
877 1407 912 1459 ad
930 1407 1000 1461 mili-

72 1484 133 1528 turn
146 1472 263 1528 salutem
276 1477 423 1544 pertineat,
442 1475 492 1544 ipsi
505 1491 567 1538 vero
579 1475 647 1528 nihil
659 1476 779 1535 nocitum
791 1476 830 1546 iri,
844 1475 924 1545 inque
937 1494 999 1532 eam

73 1561 131 1597 reru
147 1561 176 1597 se
190 1562 266 1597 suam
285 1545 369 1597 fidem
387 1545 563 1614 interponere.
601 1545 649 1598 llle
661 1562 724 1598 cum
737 1545 813 1598 Cotta
826 1546 916 1598 saucio
928 1563 1000 1600 com·

71 1614 203 1681 municat,
223 1614 246 1666 si
265 1613 393 1683 videatur,
413 1631 503 1682 pugna
522 1620 551 1666 ut
569 1613 700 1667 excedant
719 1622 827 1667 etcum
845 1614 999 1684 Ambiorige

72 1698 127 1735 una
147 1683 344 1752 colloquantur:
364 1700 478 1753 sperare,
492 1683 526 1736 ab
545 1700 578 1735 eo
597 1683 632 1736 de
652 1701 701 1736 sua
719 1701 751 1736 ac
770 1683 885 1737 rnilitum
904 1685 1001 1739 salute⁸

72 1752 218 1822 impetrare
234 1770 320 1821 posse.
358 1754 434 1805 Cotta
446 1770 475 1805 se
487 1752 522 1806 ad
534 1763 669 1806 aunatum
680 1753 786 1808 hostem
799 1755 897 1808 iturum
910 1765 998 1828 negat,

71 1829 154 1891 atque
168 1824 196 1873 in
208 1839 240 1874 eo
253 1822 390 1874 constitit.⁴

108 1895 151 1944 37.
171 1891 293 1960 Sabinus,
307 1908 373 1960 quos
389 1890 416 1944 in
431 1893 581 1960 praesentia
593 1893 712 1947 tribunos
724 1893 840 1947 militum
853 1894 957 1948 circum
969 1911 998 1947 se

72 1958 191 2013 habebat
204 1962 391 2029 etprimorum
403 1961 526 2014 ordinum
536 1964 715 2033 centuriones,
730 1981 760 2016 se
779 1965 855 2033 sequi
873 1963 956 2034 jubet,
971 1972 999 2017 et

71 2047 157 2098 quum
170 2031 279 2100 propius
292 2030 476 2097 Ambiorigem
489 2032 655 2098 accessisset,
671 2032 761 2101 jussus
778 2051 853 2085 arma
871 2033 997 2104 abjicere,

71 2099 237 2168 imperatum
254 2099 318 2151 facit
337 2099 452 2168 suisque,
466 2107 496 2152 ut
512 2099 587 2151 idem
599 2100 706 2169 saciant,
719 2102 842 2169 imperat.
878 2103 996 2172 Interim,

72 2168 138 2220 dum
150 2168 185 2220 de
197 2167 393 2220 conditionibus
413 2168 481 2221 inter
499 2186 529 2220 se
548 2178 630 2236 agunt
651 2168 804 2238 longiorque
824 2171 944 2223 consulto
962 2172 998 2224 ab

72 2237 229 2305 Ambiorige
248 2238 393 2291 instituitur
411 2254 507 2307 sermo,
520 2238 661 2308 paullatim
681 2239 880 2290 circumventus
899 2241 997 2293 interfi-

72 2307 149 2359 citur.
186 2308 257 2360 Tum
271 2324 332 2359 vero
352 2323 399 2360 suo
417 2323 490 2359 more
503 2308 643 2360 victoriam
655 2307 833 2359 conclamant⁶
845 2316 926 2376 atque
938 2309 997 2361 ulu-

72 2374 155 2429 latum
171 2376 273 2445 tollunt,
287 2377 444 2444 impetuque
457 2376 485 2429 in
501 2385 602 2427 nostros
620 2375 690 2428 lacto
708 2375 814 2427 ordines
832 2376 996 2444 perturbant.

72 2444 112 2497 lbi
126 2446 155 2498 L.
170 2446 246 2499 Cotta
258 2463 380 2515 pugnans
398 2445 552 2497 interficitur
570 2461 634 2497 oum
645 2444 766 2496 maxima
777 2454 852 2513 parte
865 2444 980 2498 militum
988 2462 996 2515 3

100 2646 109 2673 ¹
120 2643 149 2691 ln
159 2644 180 2692 is
191 2643 249 2693 here
261 2643 321 2693 used
333 2644 393 2693 with
405 2645 446 2692 the
463 2644 611 2699 accusative,
624 2645 730 2692 because
746 2643 788 2691 the
799 2645 858 2693 verb
870 2647 997 2696 vulnerare

71 2702 168 2763 implies
180 2704 221 2753 the
233 2704 287 2752 idea
297 2705 326 2752 of
332 2704 424 2764 uiming
435 2714 468 2760 at,
482 2720 509 2752 or
519 2704 641 2765 throwing
653 2703 693 2751 the
706 2703 799 2752 missile
811 2713 835 2753 at
847 2720 966 2764 aperson.

100 2776 280 2839 ”Appellatuu
299 2793 340 2825 see
352 2777 421 2836 chop.
433 2779 471 2834 33,
484 2787 540 2824 note
553 2781 573 2824 l.

100 2849 155 2897 'De
169 2849 249 2899 solute
264 2852 388 2912 impetrare
402 2850 423 2897 is
439 2858 480 2897 not
496 2850 537 2897 the
554 2866 621 2897 same
633 2866 660 2898 as
676 2853 776 2899 salutem
791 2852 916 2912 impetrare
925 2867 935 2906 ‚·
953 2850 996 2899 the

72 2905 160 2977 former
175 2908 293 2970 signifies,
309 2914 349 2956 ‘to
365 2909 447 2956 obtain
464 2919 540 2957 terms
550 2911 589 2978 ,by
601 2909 681 2956 which
694 2909 777 3014 ¹sasetly
789 2910 814 2986 is,
826 2909 928 2969 granted
945 2917 971 2957 to
981 2925 997 2958 a

73 2975 163 3015 certain
173 2969 276 3025 exteut‚’
290 2968 400 3014 whereas
412 2968 453 3015 tho
465 2968 537 3015 latter
549 2984 568 3016 rs
582 2973 623 3014 ‘to
634 2969 717 3015 obtain
728 2984 755 3015 sn
766 2978 807 3026 ety
819 2967 965 3028 absolutely.

101 3039 185 3086 ⁴Thot
203 3040 233 3096 is,
249 3042 366 3102 perstitit,
383 3040 427 3087 ‘he
445 3041 565 3099 persisted
583 3041 607 3088 iu
624 3039 662 3087 his
680 3039 847 3097 declaration‚'
864 3041 992 3100 orrather‚

75 3095 126 3145 ‘his
138 3099 230 3146 actions
242 3115 307 3146 were
318 3099 452 3147 consistent
465 3100 524 3147 with
536 3099 573 3147 his
585 3099 748 3147 declaration.’

101 3171 111 3198 ⁰
127 3169 251 3275 Vr'qt2oriom
260 3174 423 3226 conclamem
441 3171 493 3220 thut
505 3173 535 3229 is,
547 3175 692 3221 conclamet
703 3174 828 3221 uictor-ium
834 3184 933 3236 portum
941 3192 1004 3221 osse.
