2146 3704
371 96 385 127 '¹
425 92 624 165 “lissam·
651 121 652 124 ’
683 95 686 100 ’
941 99 1000 163 108

71 229 168 287 tliebns
196 221 305 300 omnino
327 221 426 289 decem
448 239 476 288 et
498 239 558 285 octo
578 239 656 297 trans
677 224 803 286 Rhenum
831 237 1000 302 consumptis

70 301 135 356 tatis
152 311 181 356 et
198 300 237 356 ad‘
251 301 361 364 laudem
379 309 407 355 et
424 303 460 356 ad
477 301 623 357 utilitatem
639 300 800 372 proiectum¹
811 300 953 355 arbitratus
968 315 999 354 se

70 371 96 425 in
107 370 229 426 Galliam
241 371 518 451 recepitpontemque
531 372 647 424 rescidit.

71 448 75 509 s
103 442 147 494 20.
167 441 275 512 Exigua
318 449 496 505 >rteaestatrs
512 441 616 512 reliqna
633 441 739 510 Caesar,
752 439 803 492 etsi
820 440 848 493 iu
865 437 908 492 his
925 438 999 507 locis,

69 511 141 582 qnod
152 511 241 566 omnis
253 457 341 565 Gaffia
352 511 387 565 ad
399 512 607 582 septemtriones
617 509 710 581 vergit,
723 516 845 564 maturae
864 517 925 562 sunt
943 508 1000 563 hie·

69 595 136 652 mes,
151 589 245 636 tamen
256 580 284 634 in
296 579 460 637 Britanniam
478 580 609 652 proficisci
626 579 774 649 contendit,
785 577 857 660 quod
874 577 1000 632 omuibus

69 649 125 704 fere
137 648 250 704 Gallicis
261 649 340 704 bellis
350 649 473 704 hostibus
489 651 587 704 nostris
604 648 667 704 inde
686 649 889 704 subministrata
900 647 1001 702 auxilia

69 718 255 790 intelligebat,¹
266 727 294 774 et
306 720 329 772 si
342 728 450 790 tempus
460 720 524 774 anui
535 719 571 774 ad
583 719 688 774 bellum
698 719 846 788 gerendum
860 717 998 788 deficeret,

68 795 161 842 tamen
180 805 280 858 magno
301 789 353 843 sibi
373 789 436 843 usui
454 789 511 843 fore
533 789 719 859 arbitrabatur,
742 788 863 843 simodo
881 787 999 842 insulam

69 857 170 912 adisset
188 867 216 913 et
233 876 320 928 genus
338 859 479 914 hominum
496 860 685 931 perspexisset,
704 858 771 930 loca,
791 867 890 930 portus,
908 858 1000 911 aditus

69 929 253 998 cognovisset,
271 945 342 999 quae
354 930 445 983 omnia
456 929 514 983 fere
525 929 610 982 Gallis
628 938 703 982 erant
721 929 864 1008 incognita.
899 929 998 998 Neque

69 999 142 1053 enim
161 1001 276 1053 temere'
288 1007 399 1070 praeter
415 1007 579 1054 mercatores
596 999 651 1052 illo⁴
667 997 724 1051 adit
742 1014 895 1068 quisquam,
909 1012 998 1067 neque

69 1065 111 1122 lis
130 1067 198 1139 ipsis
218 1069 365 1140 quicquam
384 1077 490 1139 praeter
509 1086 585 1123 oram
604 1068 770 1123 maritimam
790 1078 873 1138 atque
892 1082 940 1120 eas
958 1083 999 1120 re-

68 1138 170 1210 giones,
184 1155 255 1209 qnae
274 1147 336 1192 sunt
353 1144 446 1192 contra
462 1139 572 1210 Gallias,
591 1149 684 1194 notum
704 1152 754 1192 est.
790 1138 885 1208 Itaque
897 1136 1000 1191 vocatis

69 1206 102 1260 ad
116 1225 146 1262 se
160 1209 278 1279 undique
291 1209 484 1262 mercatoribus
501 1226 590 1277 neque
603 1216 703 1279 quanta
715 1215 788 1261 esset
806 1205 911 1260 insulae
923 1223 999 1274 mag-

69 1276 169 1349 nitudo,
189 1294 278 1348 neque
314 1294 366 1331 uae
384 1287 432 1330 aut
449 1286 566 1347 quantae
592 1278 713 1330 nationes
735 1275 889 1344 incolerent,
909 1291 998 1343 neque

69 1355 151 1418 quem
169 1364 250 1402 usum
267 1295 344 1401 bein
361 1345 492 1400 haberent
510 1354 557 1399 aut
575 1345 674 1416 quibus
698 1344 827 1398 institutis
851 1351 997 1424 uterentur,

68 1424 157 1486 nsque
176 1417 223 1487 qni
241 1425 332 1470 essent
349 1415 384 1469 ad
403 1414 536 1486 majorum
554 1415 675 1468 navium·
685 1412 890 1467 multitudinem
908 1412 998 1465 idonei

68 1495 167 1558 portus,
181 1487 296 1557 reperire
308 1494 420 1557 poterat.
723 1515 728 1526 -ν

102 1560 147 1609 at.
167 1555 211 1610 Ad
229 1555 298 1610 haec
324 1554 517 1626 cognoscenda,
537 1554 693 1625 priusquam
717 1550 870 1624 perieulum
887 1551 998 1622 iaceret,

68 1621 198 1679 idoneum
216 1642 276 1679 esse
294 1625 437 1679 arbitratus
456 1624 551 1679 Caium
564 1623 740 1677 Volusenum⁷
756 1639 820 1676 cum
839 1621 901 1674 navi
920 1621 1000 1690 longa

67 1695 223 1772 praemittit.
261 1695 330 1748 Huic
350 1694 469 1764 mandat,
488 1695 528 1748 uti
552 1693 696 1764 exploratis
719 1691 844 1746 omnibus
863 1690 944 1746 rebus
963 1688 998 1744 ad

69 1779 98 1818 se
115 1780 200 1834 quam
217 1763 334 1834 primum
352 1772 507 1818 revertatur.
544 1765 605 1834 Ipse
631 1780 695 1817 cum
720 1762 845 1816 omnibus
869 1778 902 1814 oo
922 1761 954 1814 iis
972 1761 1000 1814 in

69 1828 191 1888 Morinos
206 1835 391 1912 proficiscitur,
410 1833 482 1904 quod
501 1833 564 1887 inde
582 1843 639 1886 erat
657 1833 833 1887 brevissimus
850 1831 878 1885 in
896 1779 999 1885 §ritan-

68 1903 142 1957 niam
162 1911 299 1974 traJectus.
335 1905 395 1959 Huc
415 1920 499 1957 naves
518 1904 638 1974 undique
655 1921 695 1958 en⁴
705 1902 827 1957 finitimis
847 1901 1000 1969 regionibus

69 1981 97 2026 et
113 1990 198 2043 quam
216 1974 352 2043 superiore
370 1982 473 2027 aestate
496 1974 531 2026 ad
549 1973 711 2027 Veneticum
733 1973 837 2027 bellum
861 1968 1000 2024 effecerat·

69 2042 187 2096 classem
212 2043 289 2113 jubet
307 2044 458 2096 convenire.
494 2043 604 2096 interim
628 2043 738 2096 consilio
764 2042 823 2112 ejus
847 2041 953 2111 cognito
971 2046 999 2091 et

69 2129 118 2182 per
136 2122 298 2166 mercatores
316 2113 417 2182 perlato
437 2112 472 2165 ad
491 2113 632 2165 Britannos
651 2128 668 2164 a
686 2111 869 2190 compluribus
893 2108 998 2162 insulae

69 2182 227 2236 civitatibus
245 2181 280 2235 ad
301 2200 365 2236 eum
388 2182 471 2251 legati
490 2181 609 2251 veniunt,
630 2181 678 2250 qui
696 2180 872 2250 polliceantur
890 2178 1001 2233 obsides

98 2365 237 2427 ¹Proflcere
246 2365 365 2448 signifies,
380 2371 420 2414 ‘to
430 2365 488 2426 gain
502 2381 533 2414 an
549 2362 704 2424 advantage,'
719 2367 758 2411 ‘to
774 2361 847 2410 make
864 2361 997 2421 prognaes,l

67 2437 97 2475 οι
109 2430 150 2474 ‘to
160 2426 273 2475 succeed.

36 2509 41 2522 ¹
98 2498 166 2549 ’See
177 2500 202 2548 ii.
213 2503 237 2558 4,
252 2503 288 2558 14,
302 2499 335 2548 iii.
346 2502 370 2556 8,
384 2502 407 2548 9.

98 2571 185 2622 ''l'hat
197 2574 226 2632 is,
240 2591 316 2635 neque
326 2575 389 2623 enim
396 2573 480 2635 focile.

97 2645 185 2711 ‘Thai
197 2647 227 2704 is,
240 2648 267 2695 t'n
278 2646 443 2702 Britanniam,
456 2660 484 2693 or
493 2646 525 2693 od
535 2645 599 2693 illos.

97 2721 108 2749 ⁴
121 2717 188 2768 Usus
198 2722 254 2768 belli
263 2720 284 2768 is
298 2720 418 2779 ‘practice
429 2719 455 2766 in
465 2719 535 2775 war‚'
547 2717 595 2766 and
605 2716 648 2766 the
659 2716 775 2779 meaning
785 2715 814 2766 of
826 2715 868 2765 tire
879 2715 962 2765 clause
979 2715 1001 2764 is

71 2777 112 2827 the
123 2794 192 2828 same
203 2796 231 2828 as
241 2780 334 2841 siquid
346 2782 372 2828 in
382 2782 441 2827 bello
449 2788 555 2841 possent,
568 2779 594 2826 in
605 2778 629 2826 ii.
641 2780 664 2825 4.

98 2865 225 2929 ‘Majores
241 2884 313 2937 noves
325 2866 383 2915 here
395 2866 527 2934 comprises
538 2866 597 2915 both
609 2866 675 2927 large
687 2866 756 2926 ships
762 2864 795 2934 Ιοῐ
802 2879 853 2912 war
863 2862 911 2911 and
921 2871 1000 2910 trans·

69 2935 160 3034 &uitta
170 2925 402 3036 {rripprirntllrlrssegaflsgm
413 2943 447 3035 {ab
446 2937 478 3034 rga
476 2942 501 3034 1ῑέ
504 2926 573 3033 ,clear
583 2926 636 2974 that
648 2926 690 2973 the
703 2925 783 2973 Gallrc
793 2921 933 2971 merchants
943 2920 1001 2970 who

98 3059 165 3108 'See
177 3060 209 3108 iii.
222 3063 245 3108 5.

86 3133 109 3199 ι·
119 3130 175 3181 The
186 3131 325 3191 compound
333 3133 416 3194 efficere
422 3133 447 3200 ,is
457 3131 597 3200 frequently
604 3132 666 3180 used
675 3133 708 3199 by¹
716 3129 809 3179 Caesar
817 3127 913 3180 instead
923 3127 951 3179 os
957 3127 998 3179 tha

73 3192 159 3252 etmple
170 3194 229 3241 verb
237 3193 329 3253 jecere.
362 3192 409 3240 See
421 3207 436 3240 r.
448 3195 487 3248 36,
500 3207 532 3241 rr.
545 3195 585 3251 te,
596 3191 630 3241 ui.
640 3194 667 3250 u,
676 3206 722 3240 uir.
730 3192 773 3239 ab.
