2146 3704
71 207 130 269 1³6
417 230 458 269 nu
479 231 576 270 suaso
597 230 739 272 esanrcoe

69 336 169 410 fidant,
186 357 246 393 sese
259 347 350 393 tamen
362 335 413 390 hoc
425 355 486 391 esse
498 339 524 391 in
537 340 695 392 Ciceronem
705 338 887 410 populumque
898 339 995 395 Roma·

68 423 136 462 num
147 410 244 480 animo,
257 416 286 461 ut
299 405 365 461 nihil
377 407 428 460 nisi
442 406 552 460 hiberna
564 417 687 461 recusent
699 418 780 478 atque
792 411 863 467 hanc
881 409 995 463 inveter-

69 493 162 532 ascere
186 475 418 532 consuetudinem¹
435 477 535 530 nolint:
560 476 640 530 licere
664 477 718 530 illis
740 477 929 532 incolumibus¹
947 495 997 558 per

69 548 109 599 se'
121 565 156 602 ex
167 549 286 603 hibernis
298 545 444 617 discedere,
458 554 485 598 et
497 562 679 616 quascumque
692 546 717 599 in
767 557 820 601 rtes
831 548 925 617 velint,
939 563 997 601 sins

69 626 146 672 metu
158 616 295 689 proficisci.
333 616 425 669 Cicero
437 614 471 668 ad
485 615 553 668 haec
571 631 656 668 unum
671 631 717 669 mo
737 633 753 668 o
770 617 924 686 respondit:
943 633 998 671 non

70 703 132 740 esse
144 686 368 742 consuetudinem
385 684 477 755 populi
494 685 607 738 Romani
623 684 708 738 ullam
725 686 849 755 accipere
867 686 902 740 ab
920 685 998 740 hoste

69 767 173 811 armato
185 756 381 811 conditionem:
401 755 423 807 si
435 754 471 808 ab
482 755 566 807 armis
577 753 717 807 discedere
725 755 817 825 velint,
831 772 861 808 se
873 754 998 824 adjutore

69 834 177 881 utentur
194 827 350 893 legatosque
368 822 403 876 ad
421 824 565 876 Caesarem
587 823 711 879 mittant:
738 825 854 894 sperare*
870 841 919 895 pro
938 823 998 893 ejus

69 894 178 966 justitia,
209 911 259 946 uae
272 893 401 963 petierint,
415 892 610 960 impetraturos.

105 969 149 1016 42.
168 911 212 1016 All
231 962 283 1015 hac
302 962 360 1029 spe*
378 960 478 1039 repulsi
496 961 598 1030 Nervii,
611 960 682 1013 vallo
700 961 801 1032 pedum
819 978 859 1016 ιι.
879 971 907 1015 et
926 961 999 1030 fossa

69 1032 171 1103 pedum
191 1049 238 1086 xv.
258 1030 370 1084 hiberna
388 1036 506 1098 cingunt.
542 1029 618 1082 Haec
637 1038 665 1084 et
684 1031 849 1101 superiorum
867 1047 999 1086 annorum

70 1100 262 1154 consuetudine
281 1117 298 1152 a
315 1098 412 1152 nostris
429 1106 614 1169 cognoverant,
628 1107 656 1152 et
674 1101 806 1168 quosdam
824 1098 859 1154 de
879 1101 999 1154 exercitu

70 1172 143 1224 nacti
161 1171 288 1240 captivos,
308 1168 343 1222 ab
361 1168 404 1222 his
421 1167 599 1222 docebantur:
619 1166 668 1220 sed
686 1169 759 1222 nulla
775 1168 1000 1224 ferramentorum

71 1240 167 1310 copia,⁶
178 1257 247 1309 quae
260 1247 321 1292 sunt
333 1238 368 1291 ad
380 1237 452 1290 hunc
468 1254 550 1290 usum
567 1236 670 1306 idonea,
683 1237 780 1305 gladiis
798 1239 932 1310 cespitem
950 1239 999 1293 eir·

70 1310 233 1379 cumcidere,
246 1307 371 1361 manibus
383 1305 536 1386 sagulisque
549 1313 646 1360 terram
665 1307 815 1361 exhaurirs⁷
825 1308 999 1378 cogebantur.

71 1377 130 1437 Qua
142 1377 252 1449 quidem
265 1395 300 1430 ex
312 1393 340 1430 re
352 1375 492 1430 hominum
508 1375 652 1429 multitudo
670 1377 804 1445 cognosci,
811 1378 913 1447 potuit:
932 1395 998 1432 uam

71 1447 161 1501 minus
184 1448 257 1501 horis
276 1446 359 1500 tribus
381 1445 498 1499 milium⁸
517 1446 614 1498 decem
638 1445 664 1498 in
688 1447 802 1499 circuitu
819 1447 999 1500 munitionem

90 1518 256 1571 erleoerunt:
283 1516 445 1586 reliquisque
466 1514 562 1568 diebus
580 1524 665 1568 turres
684 1515 718 1568 ad
737 1514 907 1569 altitudinem
925 1515 998 1585 valli,

71 1534 157 1641 lalces
168 1587 377 1656 testudinesque,
391 1602 458 1655 quas
469 1584 554 1638 iidem
571 1584 671 1655 captivi
690 1584 842 1655 docuerant,
855 1601 949 1655 parare
967 1601 1000 1654 ac

73 1655 161 1709 facere
173 1664 328 1726 coeperunt.

107 1730 149 1779 43.
169 1725 287 1794 Septimo
306 1723 509 1795 oppugnationis
527 1723 579 1794 die,
600 1723 720 1776 maximo
738 1731 826 1776 coorto
846 1731 935 1792 vento,
948 1722 1000 1776 ler-

71 1804 167 1850 ventes
186 1795 259 1849 fusili
279 1812 314 1848 ex
331 1793 426 1863 argilla
444 1793 568 1861 glandes·
587 1792 677 1846 fundis
697 1801 724 1845 et
743 1791 891 1847 fervefacta
911 1792 1000 1872 jacula

73 1864 100 1917 in
120 1882 205 1935 casas,
222 1881 292 1935 quae
303 1879 385 1918 ‚more
404 1863 506 1915 Gallico
526 1862 680 1916 stramentis
698 1870 773 1914 erant
792 1869 889 1932 tectae,
909 1877 1000 1932 Jaeere

71 1942 225 2002 coeperunt.
269 1933 327 1984 Hae
348 1931 470 1985 celeriter
490 1931 580 1998 ignem
603 1929 860 2000 comprehenderunt
880 1941 907 1985 et
925 1930 1000 1984 venti

70 2000 255 2070 magnitudine
268 2001 295 2053 in
306 2017 416 2053 omnem
434 2007 583 2052 castrorum
594 2000 683 2053 locum
696 1999 864 2053 distulerunt.
900 2001 1000 2054 Hostes

71 2071 192 2126 maximo
211 2069 328 2122 clamore
349 2068 472 2137 insecuti,
492 2069 569 2136 quasi
588 2079 664 2139 parta
686 2068 743 2138 jam
761 2076 843 2139 atque
863 2070 1001 2140 explorata

100 2216 108 2244 ¹
119 2211 214 2273 Supply
228 2212 269 2261 ‘os
281 2211 443 2272 establishing
454 2211 517 2261 their
528 2213 615 2262 winter
626 2224 737 2273 quarters
748 2214 773 2262 in
785 2214 867 2264 Gaul)

99 2285 269 2346 'Respecting
277 2284 326 2333 this
336 2284 464 2333 attraction
471 2285 531 2333 with
539 2287 591 2334 licet
601 2286 648 2334 sud
656 2286 748 2334 similar
754 2287 835 2344 verbs,
843 2303 886 2335 see
895 2287 997 2348 Zumpt,

72 2342 126 2394 lar.
139 2345 220 2393 Grcm.
232 2345 245 2397 l
257 2348 309 2393 601.

98 2417 168 2468 ’Per
177 2435 215 2476 ser
233 2417 285 2466 that
297 2418 327 2475 is,
343 2423 384 2466 ‘as
395 2417 431 2465 far
441 2433 469 2466 ss
479 2416 539 2476 they
551 2415 601 2472 (the
614 2415 640 2465 N
641 2416 711 2471 arrii)
722 2431 787 2466 were
799 2414 958 2468 concerned.'

99 2490 231 2556 ‘Spercrm
249 2491 338 2552 supply
348 2509 381 2548 se,
395 2490 443 2540 and
453 2500 479 2538 to
489 2492 657 2552 impetraturos
673 2490 762 2551 supply
772 2508 810 2539 eos
821 2507 878 2539 esse.

98 2565 144 2614 1Ν
146 2565 235 2626 amely,
248 2565 276 2613 ol
289 2564 404 2626 inducing
414 2563 456 2612 the
468 2558 579 2612 Romrlns
589 2573 616 2611 to
627 2563 680 2622 quit
691 2562 754 2611 their
765 2578 843 2623 camp.

71 2639 223 2746 s‘Ilalgce
250 2641 276 2746 {a
293 2639 314 2687 is
331 2653 362 2687 an
378 2637 483 2687 ablativo
499 2636 620 2694 absolute,
633 2636 669 2685 lor
679 2652 751 2698 quam
765 2639 835 2685 nullu
850 2639 917 2699 copie
927 2645 996 2686 essa.

90 2713 154 2747 eeu.
192 2714 223 2746 an
267 2733 273 2745 .

98 2769 264 2826 ’Μυκήνη
283 2768 331 2817 this
347 2769 406 2817 verb
422 2784 476 2820 can.
489 2768 602 2875 properllp
613 2767 740 2837 speaking,
753 2768 784 2815 be
797 2767 881 2827 joined
896 2767 954 2828 only
970 2775 996 2816 to

67 2829 186 2883 menibus,
201 2827 274 2887 ‘they
284 2827 344 2876 took
359 2842 391 2886 up
408 2827 449 2874 the
467 2827 534 2875 loose
552 2828 587 2875 so'
608 2826 668 2875 wrth
687 2826 750 2874 therr
766 2825 851 2882 hands,
870 2826 918 2875 and
936 2827 996 2874 then

69 2885 162 2935 carried
172 2886 191 2934 it
202 2901 271 2955 away
280 2886 304 2934 in
313 2886 376 2934 their
384 2885 491 2945 military
499 2885 583 2934 cloalrs
592 2887 609 2944 ;’
621 2884 669 2934 end
679 2893 705 2933 to
713 2886 807 2947 sagulis
818 2895 884 2933 must
895 2887 926 2933 be
937 2899 995 2944 sup·

69 2944 160 3054 plileldda
169 2945 228 3051 vleb
240 2944 372 3005 signifying
385 2949 425 2992 ‘to
436 2959 505 3005 carry
515 2945 602 3006 away.¹
636 2943 699 2993 This
715 2943 787 2993 mode
797 2943 827 2991 of
838 2944 995 3005 speaking‘is

70 3021 131 3054 cae
159 3021 174 3053 s
207 3021 297 3066 eagina.

97 3078 229 3135 'Milium
248 3077 336 3139 supply
343 3094 468 3142 masuam.

98 3155 173 3204 'The
200 3156 283 3202 londes
295 3169 335 3201 are
346 3152 409 3202 bells
419 3152 490 3201 made
501 3152 530 3200 of
541 3152 610 3212 clay;
627 3149 687 3211 they
697 3166 762 3199 were
772 3149 801 3199 of
812 3149 885 3199 moist
896 3164 924 3199 or
933 3147 993 3199 fluid

68 3213 132 3275 clay,
145 3231 176 3262 an
203 3214 261 3261 then
273 3214 354 3269 burnt,
367 3212 415 3262 and
425 3211 498 3260 while
509 3211 607 3260 red-hot
617 3210 676 3270 they
685 3224 749 3259 were
761 3209 857 3258 thrown
867 3211 900 3270 by
908 3223 991 3257 means

68 3272 98 3321 os
104 3288 119 3321 s
128 3272 193 3335 sling
204 3274 305 3335 &undet
315 3287 404 3334 among
412 3270 454 3319 the
465 3279 532 3319 rents
539 3269 568 3319 of
574 3269 616 3318 the
627 3283 725 3330 enemy,
736 3277 762 3318 to
772 3277 812 3318 set
821 3268 890 3319 them
899 3282 932 3317 oa
940 3265 983 3316 firs
