2146 3704
448 113 540 156 arana
559 115 612 158 ru.
657 145 659 150 .
930 100 992 163 215

65 221 136 296 viisl,
162 223 238 277 milia
259 240 365 288 xxxv.;
395 242 488 294 parem
518 242 660 280 numerum
690 227 827 297 Arvernis,
857 228 992 298 adjunctis

67 294 223 349 Eleutheris
241 294 376 363 Cadurcis,
389 295 501 348 Gabalis
521 296 658 363 Velaunis,
671 296 718 363 qui
740 296 791 349 sub
810 297 922 366 imperio
942 302 991 352 Ar-

66 375 209 416 vernorum
226 381 286 416 esse
305 374 481 433 consuerunt,
499 335 655 434 benonibus,
669 366 806 486 Sepuanis,
820 367 990 439 Biturigibus,

67 434 199 500 Santonis,
218 434 336 501 Rutenis,
351 435 511 488 Carnutibus
529 436 654 488 duodena
672 436 763 502 mila,
781 436 931 490 Bellovacis
948 454 992 507 x.;

68 503 179 556 totidem
193 503 397 572 lemovicibus,
415 514 510 556 octona
528 503 681 558 Pictonibus
699 514 726 557 et
744 505 857 558 Turonis
876 515 902 559 et
922 508 993 560 Pari·

68 573 115 624 siis
128 582 154 624 et
167 573 270 625 Helviis
277 590 285 641 3
304 573 497 643 Suessionibus,
508 575 656 643 Ambianis,
670 573 890 645 Mediomatricis,
904 576 993 629 Petro·

68 643 154 711 coriis,
173 643 289 711 Nerviis,
308 643 429 711 Morinis,
448 644 643 712 Nitiobrigibus
661 644 742 712 quina
760 645 850 715 milia,
869 645 994 699 Aulercis

68 713 229 764 Cenomanis
247 713 374 780 tetidem,
399 712 573 766 Atrebatibus
592 731 631 766 1v.
642 730 649 780 3
674 713 840 783 Bellocassis,
860 716 992 786 Lexoviis,

68 782 193 834 Aulercis
217 782 386 835 Eburonibus
409 791 498 852 terna,
528 784 655 837 Rauracis
679 793 705 836 et
729 783 800 837 Boiis
822 803 905 855 xxm,
935 785 993 839 uni·

68 851 155 904 versis
174 851 334 921 civitatibus,
355 869 425 920 quae
445 853 584 907 Oceanum
603 853 736 922 attingunt
756 871 879 924 quaeque
900 872 992 909 eorum

68 920 262 973 consuetudine
282 923 436 974 Armoricae
459 923 634 991 appellantur,
656 923 719 992 (quo
745 932 806 977 sunt
830 925 856 977 in
881 941 993 978 numero

69 990 248 1060 Coriosolites,
273 990 424 1061 Rhedones,
446 991 593 1062 Ambibari,
619 994 733 1060 Caletes,
758 994 873 1064 Osismii,
896 996 991 1048 Lemo·

68 1060 150 1129 vices,
161 1060 264 1130 Veneti,
278 1060 379 1131 Unelli)
392 1079 448 1114 sex.
485 1062 526 1115 Ex
538 1061 580 1114 his
598 1061 733 1114 Bellovaci
751 1079 831 1115 suurn
848 1081 993 1117 numerum

68 1146 120 1182 non
133 1130 308 1199 coutulerunt,
322 1131 392 1198 quod
405 1149 434 1183 se
448 1148 496 1184 suc
514 1132 621 1185 nornine
639 1142 720 1201 atque
738 1132 844 1185 arbitrio
862 1151 925 1186 curu
942 1135 992 1188 Ro·

68 1200 156 1252 manis
178 1200 279 1253 bellurn
304 1210 426 1267 gesturos
449 1201 574 1269 dicerent,
595 1219 683 1270 neque
701 1201 862 1272 cujusquam
880 1203 992 1272 imperio

68 1268 312 1337 obtemperaturos:
332 1272 415 1337 rogati
435 1279 526 1323 tamen
543 1272 578 1324 ab
597 1272 725 1342 Commio,
740 1288 784 1340 pro
803 1271 862 1340 ejus
879 1272 992 1342 hospitio

68 1337 132 1391 bina
145 1338 218 1390 milia
230 1339 369 1391 miserunt.

105 1413 147 1460 76.
166 1408 253 1478 Hujus
276 1426 357 1476 opera
377 1409 500 1477 Commii,
523 1408 559 1461 ita
579 1416 609 1460 ut
632 1417 712 1460 antea
733 1408 992 1489 derponstravimun¹

68 1477 141 1530 fideli
162 1486 242 1546 atque
263 1478 322 1530 utili
343 1477 523 1547 superioribus
546 1478 624 1529 annis
648 1486 703 1530 erat
725 1495 789 1530 usus
808 1479 835 1530 in
857 1478 993 1532 Britannia

69 1548 182 1599 Caesar:
203 1547 300 1615 quibus
312 1547 356 1599 ille
369 1564 414 1616 pro
426 1547 530 1599 meritis
541 1547 677 1600 civitatem
692 1547 751 1616 ejus
763 1547 913 1601 immunem
930 1565 992 1602 esse

72 1615 189 1686 usserat,
211 1617 269 1685 jura
290 1617 418 1685 legesque
440 1616 591 1669 reddiderat
610 1626 691 1686 atque
712 1617 762 1685 ipsi
781 1616 901 1670 Morinos
920 1619 992 1671 attri-

67 1634 171 1739 buerat.
209 1688 294 1738 Tanta
304 1695 394 1738 tamen
407 1688 547 1738 universae
557 1685 659 1738 Galliae
672 1686 811 1738 consensio
823 1687 873 1739 fuit
886 1686 992 1740 liberta-

70 1756 104 1807 tis
113 1755 289 1808 vindicandae
298 1764 325 1808 et
335 1754 461 1825 pristinae
475 1755 537 1808 belli
551 1755 638 1807 laudis
651 1755 848 1825 recuperandae
865 1765 895 1809 ut
905 1775 992 1826 neque

69 1824 216 1893 beneficiis,
235 1843 324 1893 neque
337 1825 472 1878 amicitiae
486 1824 616 1878 memoria
633 1835 818 1878 moverentur:
844 1844 992 1896 omnesque

69 1904 96 1947 et
108 1896 198 1947 animo
211 1904 237 1946 et
249 1895 344 1964 opibus
357 1896 381 1947 in
396 1894 421 1947 id
436 1895 537 1950 bellum
551 1896 744 1965 incumberent,
758 1897 857 1949 coactis
870 1897 993 1966 equitum

69 1981 131 2016 vnr.
150 1963 259 2017 milibus
276 1973 303 2017 et
321 1965 442 2034 peditum
461 1967 566 2018 circiter
584 1984 661 2019 ccxc.
698 1966 773 2018 Haec
791 1967 818 2019 in
836 1967 993 2019 Aeduorum

68 2032 169 2086 finibus
188 2034 395 2086 recensebantur
413 2052 595 2104 numerusque
620 2036 734 2089 inibatur
743 2038 760 2088 :²
779 2036 907 2104 praefecti
931 2053 991 2089 con-

69 2103 260 2156 stituebantur:
288 2103 408 2155 Commio
431 2105 561 2172 Atrebati,
586 2104 743 2157 Virdomaro
767 2115 794 2158 et
818 2106 990 2174 Eporedirigi,

69 2171 180 2241 AeduiS,
206 2171 407 2240 Vergasillauno
431 2174 557 2242 Arverno,
583 2173 739 2225 consobrino
760 2173 991 2243 Vercingetorigis,

70 2259 176 2301 summa
200 2243 305 2311 imperii
331 2241 448 2293 traditur.
496 2241 545 2292 His
568 2241 666 2293 delecti
690 2259 723 2293 ex
746 2242 897 2295 civitatibus
920 2245 992 2296 attri-

68 2311 192 2381 buuntur,
217 2329 332 2380 quorum
355 2310 463 2363 consilio
486 2310 589 2362 bellum
612 2311 858 2364 administraretur.⁸
892 2314 993 2366 Omnes

68 2379 172 2433 alacres
191 2390 218 2433 et
236 2381 352 2433 fiduciae
372 2379 444 2448 pleni
464 2379 498 2431 ad
519 2380 638 2432 Alesiam
659 2380 875 2449 proficiscuntur:
903 2399 992 2450 neque

69 2458 125 2503 erat
138 2451 256 2502 omnium
272 2451 421 2519 quisquam,
436 2450 481 2516 qui
493 2449 652 2516 adspectum
672 2449 750 2500 modo
764 2457 853 2501 tantae
873 2452 992 2504 multitu·

68 2519 138 2571 dinis
151 2520 282 2572 sustinere
295 2536 373 2589 posse
386 2519 572 2587 arbitraretur,
584 2518 741 2586 praesertim
753 2519 863 2588 ancipiti
875 2521 992 2591 proeli0,‘

70 2697 71 2700 ’
98 2701 236 2760 ¹Compare
248 2702 279 2749 iv.
288 2706 325 2750 21.

96 2774 281 2881 ῃΝιιέιςνπιεᾳπιε
301 2778 425 2833 imbutum
458 2775 564 2835 namely,
587 2792 683 2822 eoram.-
715 2774 792 2822 ‘their
817 2776 920 2823 number
940 2790 992 2823 was

67 2845 180 2881 counte⁴

96 2906 346 2963 'Administroretnm
360 2907 401 2954 tlre
413 2906 537 2965 imperfect
549 2906 569 2953 is
581 2905 649 2960 used,
659 2906 763 2952 because
775 2904 816 2951 the
829 2904 925 2964 leading
933 2905 992 2952 verb

67 2969 235 3013 attribuuntur
246 2965 266 3012 is
278 2981 308 3012 an
319 2966 441 3013 historical
453 2976 559 3024 present,
573 2964 667 3011 instead
678 2963 707 3010 of
719 2980 732 3010 n
743 2963 843 3021 perfect.

97 3039 181 3085 *Acce
197 3056 208 3084 s
237 3035 332 3085 realium
343 3040 364 3086 is
375 3049 416 3086 not
430 3044 458 3086 ‘a
469 3038 580 3086 doubtful
595 3036 690 3092 battle,’
704 3052 731 3083 as
742 3034 820 3092 usual,
834 3036 877 3082 but
892 3039 920 3081 ‘a
930 3042 992 3082 two·

68 3094 113 3147 fort
129 3057 213 3150 battle,
237 3112 264 3143 as
275 3096 316 3144 the
330 3097 482 3155 chlswcre
498 3108 524 3148 tc
541 3096 624 3148 attaclr
639 3095 681 3145 the
699 3095 808 3146 Romans
824 3094 883 3144 both
894 3093 919 3143 in
930 3092 994 3151 their

68 3155 130 3204 front
143 3155 189 3204 and
201 3156 225 3203 in
237 3155 299 3203 their
310 3171 370 3207 reor.
991 3175 992 3178 ¹
