2146 3704
57 247 115 313 16⁰
359 267 400 309 oe
421 268 519 309 acono
537 267 674 310 csnnrco.

76 379 133 429 25.
154 374 241 448 Hujus
259 371 410 448 Hercyniae
430 378 522 448 silvae,
541 396 611 449 quae
630 393 710 447 supra
727 374 910 431 demonstrata
928 383 979 448 eet,

54 444 167 499 latitudo
184 463 283 500 novem
300 448 405 502 dierum
423 449 472 501 iter
490 448 614 530 expedito
632 455 720 516 patet:
742 463 793 500 non
812 446 887 500 enim
903 447 980 501 aliter

54 516 134 570 finiri¹
144 525 239 588 potest,
258 534 347 587 neque
364 535 504 572 mensuras
522 519 646 571 itinerum
664 524 803 568 noverunt.
840 516 928 570 Oritur
944 517 980 571 ab

54 585 240 641 Helvetiorum
259 596 287 640 et
306 588 454 641 Nemetum
478 596 505 640 et
524 589 704 642 Rauracorum
724 585 831 656 finibus,
852 595 981 656 rectaque

55 656 176 711 fluminis
187 657 303 711 Danubii
320 658 437 738 regione²
447 658 563 726 pertinet
580 656 615 710 ad
632 657 701 710 fines
712 655 846 708 Dacorum
857 664 886 708 et
896 657 981 710 Anar-

55 727 139 798 tium;
157 727 219 782 hinc
237 744 266 780 se
287 727 371 781 flectit
390 727 539 780 sinistrorsu
563 726 695 780 'dirersis
714 724 749 778 ab
768 725 881 778 flumine
899 725 981 794 regio-

55 797 143 868 nibus,
168 797 368 866 multarumque
390 797 513 865 gentium
540 744 610 850 dues
638 803 744 866 propter
766 794 982 863 magnitudinem

55 868 178 936 attingit:
196 883 284 935 neque
302 867 444 944 quisquam
465 874 506 918 est
526 865 608 936 hujus
625 865 806 935 Germaniae*
822 864 870 934 qui
888 881 919 919 ee
936 873 981 918 aut

55 937 146 989 edisse
165 935 201 989 ed
222 936 338 990 initium*
354 951 413 1003 eJus
432 934 517 989 silvae
537 935 617 1006 dicat,
633 935 726 1005 quum⁸
742 934 848 988 dierum
867 934 919 988 iter
936 952 980 990 ux.

56 1004 221 1076 processerit,
235 1013 280 1058 aut
297 1021 349 1075 quo
368 1021 402 1057 ex
419 1004 477 1058 loco
495 1006 602 1076 oriatur,
614 1004 758 1074 acceperit.
794 1003 886 1057 Multa
904 1004 931 1058 in
949 1021 981 1058 ee

55 1092 156 1145 genera
179 1075 298 1129 ferarum
319 1074 394 1128 nasci
423 1083 534 1145 constet,
559 1092 629 1144 quae
653 1074 762 1144 reliquis
783 1073 810 1127 in
835 1073 904 1129 locis
925 1073 982 1128 viee

55 1163 109 1199 uon
129 1146 198 1199 sint:
223 1163 258 1200 ex
280 1145 379 1215 quibus
402 1161 471 1214 quae
493 1145 612 1198 maxime
632 1143 759 1198 differant
778 1143 814 1197 ab
835 1143 935 1197 ceteris
955 1151 982 1197 et

56 1217 203 1270 memoriae
235 1214 352 1268 rodenda
363 1214 511 1283 videantur,
524 1213 593 1267 haec
604 1223 675 1267 sunt.

93 1289 135 1337 26.
154 1286 204 1339 Est
256 1285 278 1338 s'
289 1283 362 1337 cervi
372 1283 464 1354 figura,
478 1283 557 1355 cujus
573 1300 591 1336 a
606 1283 698 1338 media
715 1281 801 1335 fronte
818 1281 889 1336 inter
905 1299 982 1336 eures

56 1369 143 1408 unum
161 1371 242 1408 cornu
250 1353 362 1424 exsistit,
375 1353 509 1408 excelsius
528 1353 669 1423 magisque
687 1353 823 1406 directum
840 1350 892 1423 his,
911 1368 982 1424 quae

56 1423 134 1478 uobis
152 1433 216 1479 nota
235 1432 304 1495 sunt,
323 1423 456 1478 cornibus.
491 1424 535 1478 Ab
556 1423 615 1495 ejus
634 1438 749 1492 summo,
769 1421 838 1475 sicut
858 1421 983 1493 palmae·

57 1495 125 1549 rami
137 1503 229 1565 quam⁰
240 1494 294 1548 late
306 1492 498 1548 diffunduntur.
535 1493 640 1548 Eadem
658 1502 699 1546 est
716 1492 835 1546 feminae
846 1493 983 1564 marisque

56 1573 159 1634 natura,
173 1565 271 1618 eadem
283 1564 369 1617 forma
380 1563 588 1634 magnitudoque
600 1579 738 1617 cornuum.

93 1638 136 1687 27.
155 1634 221 1688 Sunt
239 1634 314 1703 item,
333 1650 403 1703 quae
420 1633 587 1704 appellantur
604 1632 706 1697 alces.¹⁰
740 1631 843 1684 Harum
862 1639 905 1684 est
923 1647 983 1685 cou-

54 1702 153 1758 similis
168 1704 273 1774 capreis
290 1703 375 1772 figura
392 1710 419 1756 et
437 1703 570 1757 varietas¹¹
587 1703 714 1772 pellium
732 1699 780 1754 sed
798 1700 983 1769 magnitudine

55 1773 147 1843 paullo
167 1773 330 1827 antecedunt
349 1772 533 1842 mutilaeque¹²
552 1781 614 1826 sunt
633 1770 765 1839 cornibus,
781 1778 809 1822 et
829 1786 909 1824 crure
927 1771 982 1824 siue

86 1893 222 1949 ‘fislacu
239 1908 282 1941 see
291 1893 324 1941 vi.
337 1895 375 1948 18,
387 1901 444 1939 note
455 1895 477 1940 3.

85 1951 178 1999 'Recta
188 1969 214 1998 re
231 1953 296 2007 ione·
313 1949 407 2006 thetis,
423 1950 462 1997 ‘in
473 1967 488 1998 a
497 1951 601 2011 straight
612 1951 660 2001 linc
672 1953 744 2013 along
753 1952 795 2000 the
807 1953 887 2002 benks
903 1954 932 2004 of
942 1954 983 2003 the

56 2008 273 2118 ”lludlllrfflh
292 2008 751 2118 t‘hff‘llltsttll‘hihtsslnlvl0
767 2011 983 2123 dlffliwltl'rn

56 2083 257 2234 wddgumegyffgif
268 2140 307 2173 we
322 2101 382 2173 look
398 2125 519 2174 eestwurd
527 2085 580 2185 ἕζεο
590 2129 642 2177 thet
653 2107 811 2179 neutrorum
825 2087 891 2180 ldearree
899 2089 983 2182 gldium

55 2196 190 2316 1.¹⁰⁴rtHdeartre
197 2222 357 2302 'Geminium
374 2243 428 2292 thet
443 2244 474 2302 is,
487 2244 515 2294 of
526 2256 633 2296 western
645 2247 778 2310 Germany,
791 2248 817 2297 iu
827 2248 909 2299 which
922 2250 982 2300 Cae·

54 2319 97 2394 ,αξ
104 2305 208 2414 ddldrsdrld
216 2320 306 2413 idadere
317 2361 384 2411 what
394 2379 433 2411 we
440 2421 442 2427 Ι
449 2362 537 2413 should
548 2364 595 2413 call
605 2363 648 2414 the
658 2365 721 2424 end;
738 2366 846 2429 hemely,
858 2368 901 2417 the
917 2370 983 2430 point

56 2423 85 2490 ln,
92 2425 134 2474 the
145 2435 198 2474 east
209 2433 234 2473 et
245 2422 326 2471 which
337 2422 379 2471 the
390 2422 464 2492 forest
476 2439 638 2472 commences.

85 2483 187 2547 ‘Quom
202 2485 228 2533 iu
244 2482 293 2531 this
309 2482 377 2541 place
395 2481 504 2589 ειῇῃιήεε
523 2482 655 2552 ‘although
663 2484 679 2531 :'
705 2483 837 2565 ‘although
851 2485 886 2568 he
905 2487 982 2549 might

55 2541 118 2594 heve
129 2542 254 2614 edrenoed
264 2541 385 2591 eastward
395 2557 423 2611 e.
437 2551 529 2611 rstanoe
540 2542 568 2591 ol
579 2552 646 2612 srnty
657 2543 717 2604 days
734 2559 849 2651 Iourney.
907 2606 912 2616 1

85 2603 160 2653 ⁷'Phe
171 2602 260 2652 animal
271 2601 329 2650 here
346 2600 473 2670 described
489 2617 511 2650 rs
527 2601 569 2650 the
586 2602 702 2651 rerndeer.
724 2662 730 2672 ·
748 2613 757 2651 t
774 2619 856 2652 seems
873 2605 980 2663 sordent,

54 2660 179 2719 however,
192 2662 245 2710 thet
257 2661 350 2709 Caesar
365 2659 468 2709 himself
480 2676 554 2709 never
570 2677 622 2709 saw
633 2661 675 2709 the
692 2662 789 2719 eurmel,
802 2662 934 2714 otherwise
951 2665 981 2714 he

54 2721 128 2769 could
138 2730 181 2769 not
191 2720 253 2768 have
264 2718 391 2793 described
402 2720 421 2767 it
431 2735 459 2768 ee
468 2720 559 2781 having
573 2736 619 2768 one
635 2721 697 2768 horn
710 2721 735 2768 in
750 2721 793 2769 the
810 2732 894 2772 ceutre
910 2723 939 2773 ol
949 2724 981 2773 ite

54 2779 189 2886 foleddddic
198 2838 221 2906 is
232 2854 247 2885 a
256 2835 350 2892 shovel,
364 2851 391 2884 or
401 2836 443 2884 the
454 2837 497 2905 flat
508 2847 560 2896 part
572 2837 601 2886 os
611 2854 702 2907 ennoer.

84 2896 184 2966 'Quem
196 2912 217 2944 rs
235 2894 375 2964 commonly
385 2895 446 2943 used
457 2897 517 2964 with
534 2896 703 2967 superlatum,
717 2907 742 2946 to
758 2899 902 2967 strengthen
918 2901 981 2950 their

53 2954 775 3076 hall}tilllglrtlttlhllllllrtt⁸¹lllr.ll?¹³
787 2968 819 3006 ¹³⁸
834 2961 979 3022 ΜΨ

53 3076 232 3195 alenus
242 3051 654 3202 eleusiniorum
663 3075 723 3182 us
732 3076 977 3204 resiluerit

83 3192 216 3262 ”Varistae
227 3193 303 3262 refers
312 3202 339 3241 to
350 3191 391 3240 the
403 3191 494 3247 colour,
506 3192 628 3240 whrohm
644 3193 714 3242 those
731 3195 834 3243 enrmels
844 3197 923 3246 varies
937 3210 975 3244 eo·

52 3250 154 3312 eordmg
164 3262 190 3300 to
200 3252 242 3300 the
253 3251 366 3300 different
376 3266 477 3320 sessoris
488 3250 516 3298 ol
528 3251 570 3298 the
579 3266 646 3320 year.

75 3309 207 3374 {mutilus
216 3311 240 3359 r's
251 3310 305 3360 that
313 3309 343 3360 ol
349 3309 430 3360 which
441 3319 569 3380 somepart
578 3325 599 3359 rs
606 3311 727 3372 wauring3
742 3311 790 3361 end
798 3311 974 3365 Caesereeeme

29 3366 184 3423 toeaythat
194 3368 240 3419 the
249 3369 329 3421 horne
339 3369 434 3422 looked
444 3386 474 3422 as
484 3367 506 3421 rl
512 3385 529 3422 e
537 3378 594 3434 cart
601 3369 655 3421 had
660 3371 833 3422 heenhrohen
839 3373 883 3423 cil.
