2146 3704
66 235 108 295 ts
370 253 411 292 na
433 251 529 293 annuo
551 250 686 291 eunuco.

67 361 146 416 batur
153 362 170 430 3¹
186 360 290 414 factum
309 361 390 414 etiam
411 377 496 430 nuper
513 360 538 413 in
559 360 636 412 Italia
655 359 744 412 servili
765 358 901 428 tumultu,n
917 359 993 428 quos⁸

68 439 159 484 tamen
177 430 278 500 aliquid
298 447 364 483 usus
381 447 413 483 ac
431 429 578 500 disciplina,
592 446 674 498 quam
692 447 709 482 a
727 430 803 483 nobis
815 427 993 498 accepissent,

68 500 249 553 sublevarent.
286 500 397 569 Exque
413 499 526 569 judicari
544 507 640 568 posset,
654 506 783 576 quantum
801 498 913 551 haberet
925 497 952 550 in
964 513 995 549 se

69 567 132 622 boni
144 569 305 637 constantia,
324 578 462 638 propterea
474 566 545 637 quod
557 583 624 636 quos
635 567 800 636 aliquamdiu
811 569 929 620 inermes
937 567 995 619 sine

69 654 152 690 causa
170 638 328 707 timuissent,
342 639 391 691 hos
443 646 501 691 stea
518 645 634 689 armatos
645 653 677 688 ac
690 637 803 690 victores
815 643 995 705 superassent.

70 706 192 776 Denique
210 707 259 761 hos
277 724 337 760 esse
356 724 388 759 eo
421 724 473 778 ern,
486 707 648 774 quibuscum
667 722 862 775 saepenumero
880 703 996 757 Helvetii

70 777 205 844 congressi
217 793 268 828 non
289 777 375 830 solum
394 777 420 828 in
440 777 503 843 suis,
517 775 565 828 sed
578 775 660 828 etiam
673 776 699 828 in
712 775 817 828 illorum
830 774 928 827 finibus
940 773 996 843 ple-

70 860 184 913 rumque
196 863 227 897 su
248 845 417 915 erarint,⁴qui
430 853 521 898 tamen
534 861 612 913 pares
624 861 684 896 esse
703 849 790 897 nostro
802 843 931 896 exercitui
944 859 997 896 non

70 914 212 983 potuerlnt.
228 863 269 1004 fSi
280 931 348 983 quos
359 914 502 966 adversum
515 913 645 982 proelium
659 922 685 966 et
698 913 762 982 fuga
774 913 911 966 Gallorum
925 928 997 964 corn·

71 990 200 1050 moveret,
214 982 269 1051 hos,
283 984 306 1034 si
324 992 490 1052 quaererent,
510 983 625 1052 reperire
643 998 722 1051 posse
739 982 913 1035 diuturnitate
932 980 996 1034 belli

71 1043 224 1118 defatigatis
235 1051 320 1104 Gallis
332 1052 504 1120 Ariovistum,
515 1068 577 1104 cum
590 1051 804 1105 multosmenses
816 1051 910 1104 castris
922 1067 953 1103 se
964 1066 997 1102 ac

71 1119 216 1197 paludibus
228 1121 357 1174 tenuisset
369 1137 458 1189 neque
470 1121 511 1173 sui
523 1127 684 1188 potestatem
696 1119 813 1190 lecisset,
823 1119 998 1189 desperantes

71 1205 127 1257 Jarn
145 1189 286 1259 depugna
304 1199 331 1242 et
349 1189 482 1258 dispersos
501 1189 587 1242 subito
604 1188 727 1241 adortum
746 1191 832 1258 magis
851 1188 951 1241 ratione
970 1196 997 1240 et

71 1258 188 1325 consilio,
206 1274 288 1326 quam
306 1260 404 1311 virtute
421 1259 527 1310 vicisse.
565 1257 613 1310 Cui
639 1258 733 1310 rationi
759 1268 850 1311 contra
873 1257 998 1310 homines

71 1325 199 1380 barbaros
215 1336 296 1396 atque
309 1327 445 1396 imperitos
457 1327 531 1380 locus
544 1326 644 1396 fuisset,
658 1325 710 1380 hac
728 1344 762 1380 ne
781 1327 869 1397 ipsum
887 1326 998 1396 quidem

73 1411 179 1465 sperare
197 1406 300 1449 nostros
317 1397 451 1455 exercitus
468 1397 537 1466 capi'
549 1412 636 1465 posse.
673 1397 725 1455 Qui
743 1413 822 1450 suurn
835 1396 958 1449 timorem
971 1395 998 1448 in

73 1465 111 1517 rei
123 1465 313 1519 frumentariae
331 1466 529 1519 simulationem
546 1465 736 1534 angustiasque
754 1466 878 1519 itinerum
896 1465 998 1517 confer·

73 1546 140 1602 rent,
153 1533 242 1588 facere
254 1543 413 1606 arroganter,
426 1552 489 1588 cum
508 1543 554 1587 aut
566 1535 601 1587 de
613 1535 700 1587 officio
719 1535 884 1604 imperatoris
902 1535 952 1587 des
988 1563 998 1574 ·

74 1619 140 1672 rare,
151 1613 197 1657 aut
210 1605 391 1673 praescribere
403 1604 564 1657 viderentur.
600 1604 675 1656 Haec
687 1604 737 1657 sibi
750 1621 809 1657 esse
827 1619 925 1657 curae:
958 1619 999 1656 ru·

74 1681 198 1726 mentum
215 1672 358 1743 Sequanos,
379 1675 489 1743 Leucus,
508 1674 556 1725 Lin
577 1689 642 1725 ones
659 1673 868 1740 subministrare,
887 1671 999 1742 jamque

75 1757 136 1794 esse
148 1742 175 1794 in
187 1743 257 1810 agris
270 1742 404 1796 frumenta
415 1754 536 1810 matura,
555 1691 589 1794 de
602 1743 696 1795 itinere
708 1743 780 1812 ipsos
791 1743 866 1796 brevi
879 1751 999 1811 tempore

72 1808 245 1879 judicaturos.
275 1811 352 1869 Quod
364 1828 416 1864 non
429 1812 484 1865 fore
496 1811 567 1864 dicto
579 1811 721 1865 audientes
732 1829 821 1881 neque
834 1811 910 1880 signa
921 1809 1000 1864 laturi

74 1878 202 1949 dicantur,
216 1880 283 1933 nihil
295 1897 325 1933 se
338 1897 371 1933 ea
383 1897 411 1933 re
423 1880 585 1934 commoveri
592 1896 600 1949 ς
618 1881 686 1932 scire
705 1881 778 1934 enim
795 1881 1000 1950 quibuscunque

63 1949 209 2002 ‘exercitus
220 1948 292 2001 dicto
303 1949 417 2001 audiens
428 1966 479 2002 non
493 1949 580 2019 fuerit,
594 1957 640 2002 aut
652 1949 724 2003 male
737 1967 766 2002 re
778 1959 854 2018 gesta
865 1949 1001 2003 fortunam

74 2017 201 2085 defuisse,
214 2025 261 2070 aut
273 2017 363 2086 aliquo
375 2017 491 2071 facinore
510 2026 645 2086 comperto
658 2019 797 2072 avaritiam
815 2036 876 2072 esse
894 2019 1000 2072 convio-

73 2087 156 2140 tam?
167 2103 245 2140 suam
256 2086 435 2140 innocentiam
444 2095 573 2156 perpetua
580 2087 642 2156 rita,
651 2088 808 2141 felicitatem
817 2088 1002 2143 Helvetiorum

73 2155 145 2209 bello
157 2173 218 2209 esse
230 2163 407 2225 perspectam.
431 2156 526 2225 Itaque
538 2173 569 2209 se
581 2156 651 2226 quod
664 2157 691 2211 in
703 2158 848 2227 longiorem
860 2157 935 2210 diem
947 2155 1001 2210 col·

73 2223 176 2279 laturus
187 2222 289 2296 fuisset,
303 2226 574 2296 repraesentaturum?
585 2235 613 2279 et
624 2227 746 2297 proxima
757 2235 835 2280 nocte
853 2226 888 2280 de
905 2235 1003 2296 quarta

103 2391 111 2418 ¹
125 2388 265 2446 Videbatur,
277 2388 319 2436 the
330 2387 468 2446 indicative,
482 2388 577 2437 instead
587 2388 616 2438 of
627 2388 668 2438 the
680 2390 843 2451 subiunctive,
856 2391 877 2440 is
888 2406 903 2439 a
913 2390 1000 2441 transi-

73 2448 124 2496 tion
135 2448 197 2497 from
208 2447 251 2496 the
262 2447 364 2496 indirect
375 2456 401 2495 to
411 2447 453 2495 the
464 2447 540 2496 direct
551 2448 649 2508 speech.

102 2522 112 2551 ¹
124 2521 252 2572 Tumultus
263 2521 284 2570 is
295 2521 337 2570 the
349 2536 420 2569 name
431 2519 468 2569 for
478 2536 509 2569 au
532 2536 584 2570 war
594 2521 686 2570 carned
697 2538 728 2569 on
739 2523 765 2570 in
773 2522 846 2583 ltaly.
873 2522 926 2571 Cic.
933 2521 1002 2573 Pau

73 2581 124 2631 viii.
136 2585 157 2630 1.
189 2581 245 2630 The
255 2581 344 2630 servile
354 2595 406 2628 war
416 2580 474 2628 here
515 2579 588 2629 luded
603 2589 629 2629 to
644 2581 665 2629 is
681 2580 734 2629 that
750 2581 779 2630 of
790 2582 931 2642 Spartacus,
943 2581 1002 2630 who

73 2655 126 2689 was
137 2639 248 2689 defeated
264 2640 289 2687 in
304 2655 328 2688 a.
341 2653 362 2687 c.
374 2643 402 2689 71
414 2641 448 2699 by
459 2639 495 2688 M.
508 2638 618 2689 Licinius
630 2639 745 2697 Crassus,
758 2640 806 2690 end
816 2656 905 2703 among
916 2640 1001 2689 whose

73 2713 132 2748 rnen
141 2698 209 2746 there
220 2714 285 2747 were
297 2714 311 2746 a
321 2708 389 2759 great
400 2713 474 2758 many
484 2698 612 2747 Germana

74 2769 189 2877 nsterae
201 2769 276 2819 refers
288 2779 313 2819 to
324 2787 412 2828 servor,
420 2770 503 2820 which
514 2772 535 2821 is
545 2771 645 2831 implied
656 2771 681 2819 in
690 2748 803 2821 raedh..
822 2772 869 2820 See
881 2772 951 2832 chap.
959 2774 1000 2832 36,

103 2901 177 2949 ⁴The
189 2901 269 2962 object
280 2909 306 2949 to
316 2869 455 2965 superarint
470 2902 491 2951 is
502 2918 569 2964 quar,
583 2901 663 2952 uhieh
679 2911 746 2952 must
756 2904 788 2952 he
797 2903 875 2952 tehen
884 2903 948 2954 from
957 2903 1001 2954 the

73 2960 204 3021 preceding
214 2962 308 3021 quitur.

103 3037 113 3064 ⁵
124 3035 197 3098 Capi,·
215 3035 268 3083 that
279 3035 309 3092 is,
322 3037 350 3084 iu
357 3037 473 3097 fraudere
483 3037 574 3092 Muci,
587 3051 614 3084 or
624 3044 649 3084 to
660 3037 691 3085 be
702 3035 827 3086 deceived.

104 3107 258 3156 ‘Avaritiam
273 3124 324 3156 esee
337 3110 477 3164 waoictam
495 3107 549 3156 that
565 3107 594 3164 is,
608 3110 663 3156 illos
680 3108 797 3165 (millites)
813 3111 933 3159 ovamine
946 3127 999 3159 eea·

74 3168 146 3215 uictos
158 3184 220 3216 esee:
239 3183 266 3215 or
276 3167 350 3215 when
360 3182 408 3227 any
418 3167 492 3215 crime
503 3182 555 3215 was
566 3166 716 3225 discovered,
729 3168 748 3216 it
759 3184 811 3218 was
821 3168 915 3231 always
926 3168 1002 3220 found

75 3222 127 3272 that
137 3225 179 3273 the
190 3226 292 3274 soldiers
303 3226 351 3274 had
362 3228 425 3273 been
437 3225 476 3274 led
487 3234 512 3274 to
523 3226 542 3273 it
553 3227 586 3286 by
597 3226 699 3274 avarica.

103 3295 186 3346 ’Ther
195 3298 226 3354 r's,
239 3301 323 3347 statim
329 3300 466 3360 sacramur,
479 3297 510 3348 he
521 3299 603 3350 would
614 3298 646 3349 do
656 3299 674 3348 it
685 3308 710 3349 at
721 3314 791 3370 enee.
