2146 3704
449 119 542 160 naun
561 120 614 162 vu.
655 114 658 118 ’
947 103 1004 165 197

75 240 247 299 progressam
258 224 381 278 interiore
397 229 534 282 constituit
545 228 603 282 loco
615 228 743 300 silvisque
755 228 879 284 occultat.
913 211 1005 311 Auge*

76 301 120 348 tur
137 292 223 348 Gallis
244 295 360 364 suspicio
380 305 461 366 atque
481 314 576 351 omnes
593 298 639 351 illo
656 298 691 352 ad
709 298 887 353 munitionem
909 315 1004 370 copiae

75 363 293 417 transducuntur.
336 364 540 424 vacuassent
563 367 681 421 hostiurn
705 368 802 421 Caesar
825 367 1003 440 conspicatus,

74 433 156 486 tectis
181 433 337 501 insignibus¹
360 451 467 488 suorum
501 437 694 505 occultatisque
722 436 806 506 signis
833 435 1002 509 militaribus,

73 517 148 555 raros
165 502 273 567 milites,
290 520 325 555 ne
343 521 377 556 ex
396 474 492 573 oppido
510 505 792 576 animadverterentur,
806 523 842 561 ex
859 505 1004 576 majoribus

73 571 172 626 castris
191 571 218 624 in
236 572 339 625 minora
358 573 504 626 transducit
524 574 681 645 legatisque,
702 592 770 645 quos
790 575 903 644 siugulis
922 575 1004 644 legio·

72 641 156 696 nibus
167 640 341 711 praefecerat,
355 641 419 710 quid
436 643 493 695 fieri
506 643 596 714 vellet,
609 644 739 698 ostendit:
758 645 892 715 inprimis
902 653 1002 715 monet,

71 719 103 764 ut
127 710 280 773 contineant
303 710 411 779 milites,
430 728 464 764 ne
485 712 572 766 studio
591 714 727 783 pugnandi
749 725 797 767 aut
817 731 865 795 spe
885 713 1004 784 praedae

71 779 180 850 lougius
191 779 406 849 progrediantur:
426 780 491 849 quid
503 782 630 852 iniquitas
645 783 697 836 loci
714 783 812 838 habeat
829 783 1002 854 incommodi,

71 848 210 922 proponit:
230 849 281 902 hoc
293 866 346 902 una
358 849 495 902 celeritate
507 868 586 920 posse
595 852 687 906 vitari:
704 853 851 907 occasionis
862 869 923 906 esse
935 868 1002 924 rem,

71 934 126 973 non
144 918 257 987 proelii.¹
298 918 348 970 His
365 918 446 972 rebus
463 921 599 991 expositis,
619 921 639 974 s'
678 939 724 977 uru
743 924 789 976 dat
807 931 834 976 et
851 921 887 977 ab
904 922 1001 976 dextra

71 995 149 1060 parte
161 987 214 1040 alio
227 1004 342 1040 ascensu
354 988 450 1042 eodem
462 996 583 1059 tempore
595 991 637 1042 Ae
658 1008 706 1044 uos
718 992 809 1044 mittit.

107 1062 151 1111 46.
170 1057 267 1126 Oppidi
286 1074 379 1110 murus
395 1058 430 1111 ab
442 1057 551 1128 planitie
568 1067 650 1128 atque
668 1060 741 1112 initio
759 1060 915 1130 adscensus,
929 1069 1003 1116 recta

71 1127 200 1206 regione,'
211 1127 233 1179 si
246 1125 336 1180 nullus
353 1126 499 1180 amfractus
516 1128 702 1199 intercederet,
715 1146 780 1183 usco.
792 1129 1002 1254 111111111111111ἰ

71 1195 204 1266 quidquid
222 1194 285 1248 huic
303 1195 429 1249 circuitus
439 1197 474 1250 ad
487 1198 673 1251 molliendum⁴
684 1199 784 1252 clivum
802 1208 960 1271 accesserat,
974 1200 983 1253 i

72 1266 191 1336 spatium
209 1265 310 1318 itineris
329 1265 455 1332 augebat.
490 1268 527 1319 At
545 1267 635 1320 medio
653 1268 709 1320 fere
727 1268 796 1321 colle
814 1267 842 1321 in
860 1268 1003 1337 longitudi-

71 1352 144 1406 nem,
157 1343 187 1388 ut
199 1343 293 1387 natura
311 1336 410 1387 montis
422 1333 532 1404 serebat,
546 1353 580 1389 ex
591 1335 737 1404 grandibus
756 1337 828 1389 saxis
840 1353 889 1391 sex
900 1337 1002 1407 pedum

71 1422 189 1470 murum,
200 1404 249 1524 qui
266 1413 414 1456 nostrorum
432 1404 565 1473 impetum
578 1403 700 1474 tardaret,
713 1405 908 1476 praeduxerant
921 1406 1000 1477 Galli,

71 1484 98 1528 at
119 1491 154 1527 ue
172 1474 198 1526 in
211 1474 294 1526 eriore
313 1473 386 1526 omni
404 1474 489 1542 spatio
502 1490 586 1526 vacuo
605 1473 704 1544 relicto,
719 1475 882 1545 superiorem
897 1483 1002 1545 partem

72 1491 150 1597 odilis
224 1560 258 1596 ue
279 1543 313 1595 ad
333 1559 442 1597 murum
465 1542 557 1613 oppidi
578 1542 745 1597 densissimis
768 1543 1001 1615 castris⁸comple

70 1621 175 1667 verant.
246 1611 323 1681 ilites,
348 1613 411 1665 dato
435 1613 517 1692 signo,
542 1611 665 1665 celeriter
688 1612 723 1665 ad
746 1612 923 1667 munitionem
942 1631 1003 1684 per·

71 1683 191 1752 veniunt,
217 1698 333 1750 eamque
361 1690 522 1751 transgressi,
548 1681 622 1735 trinis
648 1682 743 1735 castris
805 1681 912 1735 tiuntur.
959 1686 1002 1738 Ac

72 1759 147 1805 tanta
165 1752 215 1804 1111
234 1752 261 1804 in
280 1750 374 1803 cestris
392 1752 532 1821 capiendis
550 1751 683 1822 celeritas,
704 1761 733 1806 ut
774 1760 934 1822 automatus,
953 1768 1002 1807 rex

72 1821 261 1891 Nitiobrigum,
287 1820 375 1873 subito
401 1820 428 1874 in
455 1820 627 1875 tabernaculo
655 1838 806 1892 oppressus,
832 1820 866 1875 11
887 1822 1001 1876 meridie

72 1891 270 1961 conquieverat,
285 1890 419 1959 superiore
432 1893 548 1961 corporis
564 1900 640 1961 parte
652 1891 759 1961 nudata,
773 1890 910 1945 vulnerato
922 1908 1000 1961 equo,

72 1960 120 2014 vix
131 1977 161 2012 se
174 1976 208 2012 ex
220 1959 344 2012 manibus
356 1961 542 2029 praedantium
555 1960 670 2014 militum
684 1961 807 2030 eriperet.

108 2034 152 2082 47.
171 2030 337 2082 Consecutus
349 2028 375 2080 id
388 2029 458 2097 quod
471 2030 561 2081 animo
578 2039 757 2099 proposuerat,
772 2030 870 2082 Caesar
881 2028 1001 2099 receptui

73 2099 145 2152 01111ο
161 2097 239 2168 jussit
259 2097 424 2166 legionisque
444 2097 576 2168 decimae,
596 2099 1002 2168 (11111111111111011011111,1

104 2256 273 2316 ¹Respecting
284 2254 325 2303 the
337 2255 455 2317 insignia,
469 2270 510 2302 see
522 2254 546 2302 ii.
556 2258 594 2312 21,
607 2265 663 2304 note
676 2260 696 2306 l.

103 2331 188 2381 'Ther
198 2330 228 2385 11,
242 2329 297 2377 ‘the
307 2327 351 2375 hill
359 2327 431 2376 could
440 2330 470 2376 be
478 2327 552 2375 taken
559 2327 618 2387 only
626 2330 660 2388 by
668 2328 843 2391 thenavatling
851 2331 1001 2382 themselves

74 2391 103 2441 01
114 2408 129 2439 a
139 2388 278 2439 favourable
290 2387 454 2447 opportunity,
468 2387 515 2434 and
526 2397 568 2434 not
580 2389 612 2446 hy
623 2387 704 2436 force!

104 2463 196 2513 ’Recto
208 2463 311 2524 regione,
327 2460 365 2508 ‘in
375 2475 390 2507 a
400 2460 503 2519 straight
514 2459 580 2507 line!

103 2537 165 2585 *Aa
174 2537 324 2583 molliendum
334 2535 428 2590 clivum,
445 2538 484 2580 ‘to
494 2531 616 2594 sostening
626 2533 668 2581 the
680 2544 763 2583 ascent
773 2535 802 2582 01
813 2535 855 2585 the
866 2536 935 2596 hillr’
947 2538 1001 2587 that

76 2596 106 2654 is,
119 2595 249 2653 rendering
260 2593 278 2640 it
290 2593 339 2641 less
350 2591 461 2640 difficolt.

105 2668 363 2735 ‘Densieeinrotcostro
374 2681 414 2713 are
425 2663 520 2713 several
530 2665 599 2735 (here
608 2665 684 2722 three)
696 2682 779 2774 campe
794 2677 837 2729 put
852 2670 964 2730 together
975 2685 1002 2718 11

77 2725 336 2847 qquscetqqaqslepossrble,
354 2724 402 2773 and
419 2725 480 2773 each
498 2739 635 2787 oocupymg
652 2742 679 2774 as
698 2727 770 2775 emal
789 2744 890 2789 espace
907 2745 934 2778 as
950 2745 1002 2778 was

106 2863 116 2889 ⁶
127 2859 202 2916 Coni,·
216 2857 304 2927 supply
315 2859 378 2914 tolo,
393 2857 467 2906 ‘with
478 2858 519 2906 the
531 2859 656 2918 trumpet‚’
669 2859 705 2906 101
714 2876 797 2909 canere
807 2861 828 2909 is
839 2861 900 2909 used
910 2876 942 2908 no
952 2859 1002 2909 less

77 2919 106 2968 01
122 2919 226 2968 musical
247 2927 406 2966 instrumenta
425 2917 485 2964 than
502 2917 531 2966 ol
547 2918 638 2966 sounds
659 2918 780 2976 produced
797 2921 832 2978 by
850 2920 891 2967 the
909 2919 1002 2969 human

77 2979 154 3027 voice.
186 2976 301 3039 Receptur'
310 2994 401 3034 canere,
413 2993 441 3025 01
451 2980 554 3040 receptui
563 2979 660 3040 signum
669 2980 735 3034 dere,
747 2977 769 3026 is
783 2982 821 3026 ‘to
832 2977 888 3038 give
899 2976 941 3025 the
948 2978 1000 3040 sig·

78 3039 119 3086 nal
129 3039 166 3086 sor
176 3053 191 3085 a
201 3036 308 3085 retreat!

108 3114 117 3141 ⁷
129 3111 272 3161 Comionori
280 3127 333 3158 cum
342 3111 422 3169 aliquo
433 3109 454 3158 is
465 3127 479 3158 a
489 3125 542 3158 rare
553 3109 718 3160 construction
732 3109 827 3161 instead
842 3110 871 3159 01
881 3114 946 3176 apud
955 3114 1001 3163 ali·

79 3186 155 3232 quern,
168 3169 229 3278 lw7itmlr
240 3169 321 3219 which
332 3169 351 3217 it
360 3168 407 3218 has
418 3169 459 3219 the
470 3186 538 3220 same
549 3169 669 3231 meaning.
