2146 3704
70 230 128 292 182
371 250 414 292 aa
434 250 532 292 aaran
553 251 689 296 cancico.
738 263 740 268 ·

68 359 236 429 accessisset,
249 363 418 431 persuasum¹
430 361 480 414 loci
493 363 694 435 opportunitate,
707 362 754 434 qui
766 379 796 416 se
808 361 898 434 ipsum
908 358 993 416 runni-

68 429 141 484 tione
154 429 328 487 defenderet:
348 431 540 500 equitumvero
553 449 663 502 operam
675 450 763 504 neque
776 433 803 487 iu
816 434 874 487 loco
886 431 995 502 palustri

69 500 216 554 desiderari
229 500 363 572 debuisse,
378 502 414 554 et²
425 501 481 554 illic
500 502 584 555 luisse
605 503 708 573 utilem,
722 520 774 573 quo
795 504 848 556 sint
867 501 995 572 profecti:

70 586 206 625 summam
219 571 325 640 imperii
337 588 366 624 se
379 572 497 624 consulto
515 571 582 624 nulli
599 573 786 626 discedentem
798 571 951 644 tradidisse,
963 589 997 625 ne

69 639 94 694 is
110 641 292 695 multitudinis
310 641 398 694 studio
415 642 450 695 ad
468 641 653 696 dimicandum
674 643 873 712 impelleretur;
898 642 943 695 oui
959 641 998 695 rei

69 721 176 833 propter
188 711 270 765 animi
289 711 441 765 mollitiem⁸
452 711 559 765 studere
580 730 674 766 omnes
685 712 796 783 videret,
809 710 882 783 quod
900 711 999 765 diutins

80 781 191 835 aborem
211 782 279 834 ferre
299 787 492 851 non'possent.
528 783 641 837 Romani
665 784 687 836 si
710 800 775 836 casu
798 781 998 852 intervenerint,

70 851 208 921 fortunae3
227 852 249 903 si
267 850 384 920 alicujus
403 850 501 904 indicio
512 855 607 923 vocati,
621 853 684 906 huic
702 851 858 906 habendam
875 851 998 921 gratiam,

70 921 141 990 quod
161 928 188 973 et
209 919 374 990 paucitatem
394 937 487 973 eorum
500 938 535 974 ex
553 922 612 976 loco
632 924 769 992 superiore
789 937 960 990 cognoscere,
973 929 1001 974 et

70 991 197 1043 virtutem
210 989 352 1059 despicere
364 989 497 1059 potuerint
505 1008 512 1061 5
531 992 585 1062 qui,
599 993 728 1046 dimicare
740 1009 792 1046 uon
805 990 872 1061 ausi,
887 993 1001 1061 turpiter

70 1075 101 1112 se
114 1059 140 1112 in
153 1067 241 1112 castra
259 1076 320 1113 rece
340 1061 417 1114 erint.
453 1060 602 1131 Imperium
620 1079 650 1116 se
667 1062 703 1115 ab
721 1062 836 1115 Caesare
855 1077 903 1130 per
915 1059 1000 1130 prodi·

71 1130 172 1184 tionem
190 1129 304 1184 nullum⁴
316 1077 478 1198 desiderare,
491 1131 562 1201 quod
580 1131 682 1185 habere
694 1131 805 1185 victoria
816 1137 917 1201 posset,
931 1147 1000 1212 quae

70 1199 125 1282 jam
148 1208 220 1254 esset
241 1200 292 1254 sibi
311 1207 393 1271 atque
412 1201 537 1254 omnibus
557 1201 642 1254 Gallis
660 1200 812 1271 explorata:
831 1200 898 1270 quin
918 1212 1001 1254 etiam

71 1271 305 1341 rpsisremittere,⁶
317 1271 339 1323 si
357 1269 408 1323 sibi
426 1269 514 1339 magis
532 1270 659 1324 honorem
677 1271 801 1342 tribuere,
815 1287 900 1340 quarn
918 1268 954 1325 ab
972 1286 1001 1323 se

72 1339 187 1404 salutern
207 1340 330 1410 accipere
343 1339 492 1395 videantur.
527 1339 601 1392 Haec
611 1341 944 1420 utintellegatis,inquit,a
956 1356 1001 1394 me

72 1409 176 1463 sincere
188 1409 364 1481 pronunciari,
378 1409 471 1462 audite
483 1411 616 1464 Romanos
628 1410 737 1463 milites.
762 1408 888 1463 Producit
901 1426 1008 1480 servos„

71 1497 139 1551 quos
151 1480 177 1534 in
190 1480 360 1551 pabulatione
373 1481 467 1551 paucis
478 1488 541 1533 ante
554 1479 651 1534 diebus
662 1488 805 1548 exceperat
818 1487 845 1532 et
859 1478 933 1552 lame
945 1479 1000 1532 vin·

72 1551 195 1620 culisque
208 1552 420 1605 excruciaverat.
455 1551 491 1603 Hi
509 1549 566 1620 jam
583 1559 646 1603 ante
665 1549 753 1602 edocti
765 1565 836 1618 quae
849 1548 1000 1618 interrogati

72 1621 287 1701 pronunciarent,
306 1621 408 1674 milites
431 1637 461 1674 se
486 1637 545 1673 esse
564 1619 722 1688 legionarios
745 1618 855 1672 dicunt:
881 1618 956 1672 farne
974 1627 1001 1672 st

73 1691 162 1761 mopia
173 1690 305 1744 adductos
317 1691 389 1744 clam
407 1707 442 1744 err
461 1689 556 1743 castris
574 1691 669 1759 exisse,
683 1689 706 1741 si
723 1689 789 1758 quid
808 1687 1001 1742 frumentiaut

73 1761 178 1840 pecoris
198 1759 226 1815 in
246 1760 317 1829 agris
335 1761 451 1832 reperire
470 1767 593 1830 possent:
619 1758 701 1812 simili
720 1775 831 1812 omnem
851 1759 1000 1812 exercitum

72 1831 163 1901 rnopia
186 1831 281 1900 premi,
306 1848 357 1884 nec
385 1829 441 1900 jam
465 1831 536 1883 vires
556 1829 681 1883 sufficere
705 1828 841 1898 cuiquam,
865 1845 918 1882 nec
934 1828 1002 1882 serre

72 1901 161 1968 operis
173 1899 294 1953 laborem
306 1916 401 1970 posse:
421 1900 512 1968 itaque
530 1899 666 1962 statuisse,
680 1900 878 1968 imperatorem,
893 1898 917 1951 si
934 1897 1000 1952 nihil

72 1968 101 2021 in
112 1961 309 2037 oppugnatione
321 1967 412 2039 oppidi
445 1968 589 2037 rosecisset,
600 1968 686 2022 triduo
695 1968 844 2021 exercitum
856 1967 999 2022 deducere.

72 2037 156 2106 Haec,
177 2038 271 2107 inquit,
293 2053 310 2088 a
329 2054 382 2105 me,
429 2036 611 2105 eroingetorix,
631 2036 765 2091 beneficia
784 2037 900 2109 habetis,
920 2055 1000 2109 quem

70 2106 229 2179 proditionis
238 2106 400 2159 insimulatis
418 2104 497 2175 cujus
505 2123 586 2176 opera
595 2106 651 2160 sine
662 2101 749 2160 vestro
758 2107 888 2176 sanguine
898 2117 999 2162 tantum

72 2177 221 2230 exercitum
240 2177 380 2229 rictorem⁶
398 2145 470 2228 ieme
488 2193 575 2246 paene
593 2175 765 2231 consumtum
784 2177 899 2247 videtis,
919 2194 1000 2249 quem

72 2246 184 2327 turpiter
193 2263 271 2300 sevex
281 2245 332 2299 hac
345 2245 409 2316 suga
422 2245 606 2318 recipientem,
616 2264 650 2300 ne
660 2264 713 2317 qua
725 2247 820 2300 civitas
832 2247 890 2300 suis
903 2247 1000 2302 finibus

72 2318 192 2387 recipiat,
201 2329 222 2369 ¹a
234 2334 280 2370 me
293 2316 429 2386 provisum
442 2325 491 2369 est.
922 2356 928 2367 .
945 2319 948 2326 '

109 2393 151 2442 21.
171 2388 326 2443 Conclamat
344 2387 432 2440 omnis
454 2384 606 2456 multitudo,
626 2393 654 2438 et
674 2402 722 2438 suo
744 2402 820 2438 more
839 2387 924 2440 armis
942 2403 999 2440 cou-

23 2581 26 2585 ’
102 2572 283 2630 ¹Persuosum;
301 2571 390 2633 supply
400 2573 447 2620 eibi
454 2571 546 2634 subse.

102 2662 264 2725 'Neque-et.
296 2660 318 2708 It
335 2658 473 2719 frequently
484 2657 592 2765 happens
604 2657 628 2704 in
639 2655 712 2725 Latin
727 2655 780 2703 that
796 2671 811 2703 a
821 2658 905 2704 writer
915 2655 999 2724 begins

73 2721 181 2770 acluuse
192 2720 253 2768 with
263 2737 305 2768 aec
315 2735 342 2768 or
352 2735 434 2780 neque,
448 2734 475 2766 as
486 2718 507 2766 rs
536 2733 549 2765 e
561 2732 612 2764 was
628 2732 684 2776 gom
712 2724 738 2763 to
748 2730 792 2763 uss
804 2715 907 2763 another
917 2717 998 2776 begin·

73 2780 133 2840 ning
143 2779 204 2827 with
220 2779 261 2826 the
278 2794 346 2826 same
362 2777 490 2838 negativc;
508 2778 552 2824 but
564 2776 659 2843 instead
670 2731 727 2822 odit
743 2773 774 2822 he
790 2774 904 2836 employa
915 2784 946 2832 et,
959 2780 998 2822 tae

73 2850 190 2888 sentence
202 2847 244 2886 not
256 2838 329 2897 being
340 2853 355 2884 a
365 2837 477 2897 negative
489 2851 543 2884 one.
576 2834 624 2883 See
636 2851 667 2882 rv.
676 2837 714 2883 29.

103 2924 241 2974 'Mollitia
252 2923 310 2971 here
321 2923 342 2971 is
353 2932 395 2970 not
409 2922 585 2982 ‘effeminacy‚’
598 2924 642 2972 but
657 2927 735 2970 ‘want
747 2920 776 2969 of
787 2902 879 2984 euergy
890 2922 938 2972 and
948 2936 999 2984 per·

74 2984 225 3042 severance,'
236 2983 326 3040 which,
337 2981 465 3043 according
475 2991 501 3030 to
512 2981 706 3044 Vercingetorix,
714 2996 782 3030 ¹were
793 2982 907 3043 required
917 2983 943 3032 in
952 2980 1000 3032 this

74 3061 225 3168 08ῗθὶγῑιιῑῐιιηι
236 3117 257 3166 is
268 3126 380 3178 stronger
390 3115 438 3164 and
449 3131 515 3164 more
527 3115 649 3176 emphatic
659 3115 718 3164 than
728 3132 784 3163 aon.

104 3193 264 3249 'Ruentem
277 3190 366 3251 supply
374 3208 408 3248 se,
422 3189 468 3239 ‘he
477 3188 559 3238 would
569 3189 638 3236 leave
649 3189 668 3236 it
679 3197 704 3236 to
715 3187 779 3235 their
788 3201 846 3234 own
852 3184 998 3248 judgment?

60 3268 114 3372 γ’·
127 3265 210 3316 Victor
219 3264 265 3314 and
277 3264 370 3314 similar
379 3264 465 3314 verbal
480 3261 646 3313 substantivas
662 3275 702 3310 are
718 3259 786 3309 osten
800 3258 863 3310 used
878 3274 906 3310 as
922 3258 997 3325 adiec-

80 3339 141 3374 rues.
