2146 3704
520 219 614 260 stass
634 219 675 261 rr.
853 169 862 180 ⁵
1005 203 1063 263 107

134 329 202 385 inter
223 345 262 398 se,
285 344 320 382 ne
340 334 444 382 tantum
464 328 585 382 dedecus
604 328 798 397 admitteretur,
811 328 927 382 universi
948 346 982 383 ex
999 331 1061 384 navi

133 400 311 453 desiluerunt.
354 399 409 450 Hos
432 399 497 451 item
522 416 555 452 ex
604 399 712 451 roximis
741 399 834 468 primis
863 398 976 453 navibus
999 417 1062 454 cum

135 469 348 539 conspexissent,
362 467 500 520 subsecuti
512 416 635 521 hostihus
646 470 899 538 appropinquarunt.

170 545 213 592 26.
232 538 385 606 Pugnatum
397 547 439 590 est
450 538 486 590 ab
498 538 616 606 utrisque
629 539 732 590 acriter.
768 538 858 590 Nostri
878 545 977 606 tamen,
991 539 1062 608 qucd

131 624 224 678 neque
245 607 361 660 ordines¹
373 624 479 660 servare
498 623 587 676 neque
607 608 719 660 firmiter
738 608 860 659 insistere
880 623 967 676 neque
987 610 1063 675 signa

133 678 265 746 subsequi
291 676 419 748 poterant,
445 686 526 746 atque
549 676 619 730 alius
642 677 695 729 alia
718 694 752 729 ex
775 677 837 729 navi
857 676 1062 746 quibuscunque

133 747 219 816 signis
237 756 386 800 occunerat
405 764 435 798 se
453 747 623 816 aggregabat,
641 763 804 815 magnopere
822 746 1062 816 perturbabantur3

133 817 227 871 hostes
239 833 302 870 vero
320 817 390 868 notis
407 816 533 868 omnibus
545 816 628 886 vadis,
642 816 687 868 ubi
706 833 740 868 ex
757 816 833 868 litore
851 816 956 885 aliquos
973 816 1064 884 singu·

133 887 206 940 lares
226 903 261 938 ert
281 886 343 938 navi
364 885 535 954 egredientes
555 893 755 956 conspexerant,
779 886 896 938 incitatis
915 885 993 954 equis
1012 888 1062 939 im·

170 955 241 1008 ditos
261 955 456 1023 adoriebantur,
470 954 560 1024 plures
579 955 941 1024 paucos-circumsistebant,
960 955 1007 1008 alii
1027 955 1063 1018 rb

133 972 220 1078 [cetere
243 1032 334 1093 aperto
358 1025 387 1076 in
416 1024 563 1077 universos¹
586 1025 639 1077 tela
669 1024 855 1094 conjiciebant.
892 1025 969 1083 Quod
999 1040 1062 1078 cum

133 1093 371 1147 animadvertisset
400 1094 504 1161 Cacsar,
536 1093 651 1164 scaphas
666 1095 818 1162 longarum
848 1095 964 1164 nerium,
995 1096 1062 1148 item

134 1163 314 1233 speculatoria
331 1163 438 1231 navigia
458 1165 591 1218 militibus
610 1164 738 1233 compleri
759 1163 837 1233 jussit
856 1173 883 1216 et
903 1180 972 1232 quos
990 1164 1062 1217 labo·

134 1242 227 1286 rantes
246 1244 429 1302 conspexerat,
443 1232 487 1285 his
506 1235 627 1287 subsidia
647 1233 832 1286 submittebat.
868 1235 967 1302 Nostri,
981 1233 1062 1288 simul

135 1303 161 1355 in
181 1302 256 1356 arido
274 1303 456 1372 constiterunt,
471 1305 527 1356 suis
544 1304 668 1356 omnibus
686 1304 838 1356 consecutis
856 1303 884 1355 in
901 1304 992 1357 hostes
1010 1305 1061 1358 im·

134 1381 230 1443 petum
243 1372 364 1425 lecerunt
382 1382 463 1440 atque
483 1389 529 1424 eos
548 1374 573 1424 in
592 1373 683 1439 lugam
702 1371 832 1424 dederunt
850 1389 939 1441 neque
957 1374 1062 1442 longius

135 1442 261 1512 prosequi
284 1449 434 1510 potuerunt,
454 1441 524 1510 quod
549 1441 654 1510 equites
676 1457 783 1492 cursum
809 1453 900 1493 tenere
924 1450 1005 1510 atque
1023 1442 1061 1494 in·

136 1511 225 1564 sulam
237 1512 345 1580 capere¹
356 1529 408 1563 non
427 1519 577 1580 potuerunt.
614 1510 670 1562 Hoc
687 1526 772 1562 unum
790 1508 824 1560 ad
844 1509 994 1579 pristinam⁴
1011 1510 1062 1563 sor·

135 1589 229 1634 tunam
243 1582 349 1633 Caesari
362 1581 456 1633 deluit.

171 1656 214 1703 27.
240 1651 336 1703 Hostes
354 1650 454 1720 proelio
478 1649 602 1719 superati,
622 1648 704 1701 sirnnl
726 1656 808 1718 atque
832 1665 861 1700 se
886 1665 919 1702 ex
937 1648 1002 1717 fuga
1022 1665 1061 1702 re·

136 1736 167 1774 ce
205 1729 274 1789 runt,
288 1721 378 1772 statim
397 1721 430 1772 ad
445 1721 586 1772 Caesarem
607 1718 708 1786 legatos
726 1718 760 1770 de
779 1735 846 1788 pace
866 1720 1003 1786 miserunt,
1012 1717 1062 1771 ‘cb-

136 1790 158 1841 si
179 1805 210 1842 es
222 1788 331 1841 daturos
343 1806 468 1858 quaeque
488 1791 645 1858 imperasset
658 1789 776 1840 facturos
794 1804 854 1840 sese
866 1788 976 1858 polliciti
990 1796 1060 1841 sunt.

136 1858 196 1912 Una
217 1874 280 1910 curn
301 1858 342 1911 his
362 1858 457 1927 legatis
475 1860 613 1912 Commius
633 1857 748 1910 Atrebas
767 1859 848 1928 venit,
869 1875 951 1927 quem
971 1858 1062 1928 supra⁸

135 1927 382 1981 demonstraveram
395 1946 412 1980 a
424 1930 536 1981 Caesare
550 1929 576 1980 in
589 1928 753 1980 Britanniam
766 1929 952 1998 praemissum.
982 1929 1062 1984 Hunc

136 1997 174 2050 illi
186 2013 202 2049 e
215 1997 277 2050 navi
289 2013 435 2069 egressum,
449 2016 512 2050 curn
525 1997 559 2051 ad
573 2014 619 2050 eos
631 1998 750 2050 oretrrris⁶
762 1998 840 2052 modo
854 1999 974 2051 Caesaris
986 2016 1062 2052 nran-

136 2064 198 2119 data
210 2066 334 2136 deferret,
348 2067 604 2138 comprehenderant
616 2077 697 2137 atque
717 2069 743 2120 in
757 2070 863 2122 vincula
875 2068 1060 2139 conjecerant:

137 2143 194 2190 turn
213 2135 313 2206 proelio
336 2136 406 2189 lacto
427 2138 593 2206 remiserunt,
615 2146 642 2189 et
666 2139 693 2189 in
712 2139 828 2207 petenda
847 2155 914 2208 pace
935 2139 995 2209 ejus
1013 2136 1062 2190 rei'

136 2206 244 2276 culpam
269 2205 296 2257 in
319 2201 517 2260 multitudinem
543 2207 714 2277 conjecerunt
738 2216 765 2260 et
782 2217 888 2277 propter
908 2208 1060 2278 impruden·

136 2275 202 2328 liam
221 2282 251 2327 ut
270 2275 451 2343 ignosceretur
469 2277 628 2345 petiverunt.
666 2277 763 2327 Caesar
775 2285 893 2345 questus,
907 2279 978 2346 quod
997 2295 1060 2332 curn

136 2344 204 2397 ultro
228 2345 255 2397 in
276 2346 456 2398 continentem
477 2346 572 2414 legatis
592 2345 683 2398 missis
702 2361 799 2414 pacem
819 2345 853 2399 ab
874 2363 903 2397 se
921 2347 1059 2418 petissent,

164 2521 290 2569 ¹Ordr'ner
310 2520 367 2568 here
386 2520 495 2580 signifies
514 2521 555 2568 the
575 2519 636 2568 lines
654 2519 746 2569 formed
762 2521 795 2579 by
811 2520 852 2568 the
869 2520 971 2569 soldiers
987 2521 1059 2572 when

135 2579 219 2628 drswn
229 2596 262 2639 up
273 2581 297 2627 in
308 2579 383 2628 battle
395 2595 472 2639 ancy.

163 2669 173 2697 ¹
184 2667 214 2715 In
226 2669 369 2723 universam
382 2666 434 2714 that
446 2667 476 2721 is,
490 2666 561 2713 when
573 2666 631 2725 they
640 2681 692 2714 saw
704 2665 744 2714 the
755 2664 834 2714 whole
846 2665 910 2726 body
922 2665 950 2714 of
957 2681 971 2714 a
982 2666 1060 2728 ship’s

136 2741 201 2774 crew
212 2741 281 2774 corne
293 2738 344 2783 out,
358 2727 416 2787 they
428 2726 506 2774 threw
518 2726 581 2775 their
592 2725 658 2775 darts
670 2741 758 2786 among
769 2725 844 2775 thern.

165 2814 275 2876 'Capera
290 2813 347 2862 here
366 2815 386 2861 is
402 2814 443 2862 the
461 2829 528 2862 same
544 2829 571 2861 ns
585 2816 712 2876 attingere,
728 2819 767 2861 ‘to
784 2813 841 2861 talto
859 2814 1000 2873 possession
1017 2813 1059 2863 ol!

138 2871 258 2932 Compare
270 2874 338 2933 chop.
351 2877 389 2930 36,
402 2890 425 2921 v.
437 2877 460 2920 8.

165 2959 297 3007 ⁴Pristina
306 2961 430 3021 sortitum
448 2959 500 3007 that
517 2959 546 3016 is,
565 2959 606 3007 the
622 2959 686 3023 good
702 2958 759 3008 luclr
775 2974 802 3007 or
818 2974 917 3007 success
932 2956 1013 3005 which
1028 2956 1060 3006 he

136 3015 184 3066 had
195 3018 301 3071 hitherto
311 3019 424 3079 enjoyed.
461 3019 464 3043 ’

166 3108 175 3134 ⁶
185 3105 232 3154 See
243 3106 312 3166 chop.
324 3111 361 3154 21.

166 3193 172 3220 ‘
189 3191 310 3242 Oratoris
321 3193 388 3242 osten
398 3194 459 3242 used
469 3193 495 3241 in
504 3193 546 3241 the
558 3208 630 3241 sense
641 3191 669 3240 ol
676 3206 706 3239 an
717 3189 881 3239 ambassador.

167 3278 252 3329 'Ther
264 3279 294 3338 is,
307 3280 335 3330 ol
343 3280 384 3329 the
395 3279 519 3330 detention
530 3281 577 3328 und
589 3279 773 3339 imprisonment
784 3277 812 3327 ol
820 3277 957 3328 Commius·
