2146 3704
464 120 556 163 uasa
575 121 597 165 r.
953 102 997 164 65

68 227 201 284 incastra
219 228 333 284 reduxit.
368 229 438 284 Com
455 246 491 285 ex
508 231 622 301 captivis
639 236 780 301 quaereret
792 231 898 302 Caeam,
911 247 994 312 quam

67 299 101 354 ob
119 315 181 354 rem
199 300 350 354 Ariovistus
392 299 482 354 roelio¹
499 317 552 354 non
567 299 731 370 decertaret,
750 299 822 354 hano
845 301 995 374 repenebat

67 385 185 442 causam,
199 369 271 441 quod
282 368 353 442 apud
365 317 515 424 germanos
527 387 560 424 ea
571 369 737 425 consuetudo
754 379 835 442 esset,
847 380 877 427 ut
894 381 996 428 matres

66 438 202 494 familiae*
215 456 309 494 eorum
326 439 441 494 sortibus
464 448 492 494 et
509 439 745 494 vaticinationibus
762 439 935 512 declararent,
954 449 996 496 ut·

67 525 127 564 rum
138 508 269 580 pmelium
282 509 415 564 committi
432 526 468 563 ex
484 526 536 568 usu
554 518 633 578 esset,
647 525 749 563 necne:
769 526 817 564 eas
833 511 872 564 ita
888 511 995 565 dicere:

66 594 119 633 non
131 595 193 702 copie
205 579 248 633 ias
258 579 407 634 Gennanos
419 595 552 651 superare,
563 579 586 633 si
598 585 661 632 aute
673 596 771 635 novam
783 580 886 635 lunam⁸
895 581 996 652 proelio

68 656 163 703 conten
184 649 277 703 issent.
918 679 920 681 ·

88 715 90 719 ’
101 713 144 772 61.
151 717 291 776 ,Postridie
303 715 363 791 ejus
374 717 430 772 diei
442 718 541 772 Caesar
548 717 680 790 praesidio
691 720 811 790 utrisque
822 719 916 774 castris
942 719 996 774 uod

68 787 134 842 satis
145 804 207 860 esse
219 788 309 842 visum
322 795 363 841 est
375 788 482 859 reliquit
489 805 497 858 3
515 805 610 842 omnes
621 788 726 844 alarios¹
737 790 764 844 in
777 799 923 862 conspectu
954 807 996 844 os·

67 856 198 928 tium-pro
209 858 304 911 castris
321 858 469 912 minorihus
486 858 630 932 constituit,
642 876 696 930 quo
714 860 805 920 minus
822 860 996 916 multitudino

67 925 186 981 militum
210 926 483 1000 legionariomm'pro
507 926 626 984 hostium
648 946 760 984 numero
777 930 893 1001 valebat,
912 938 942 985 ut
960 929 996 985 ad

68 995 192 1067 speciem·
207 997 298 1050 alariis
309 998 444 1068 uteretu13
461 998 520 1068 ipse
532 999 627 1071 triplici
644 1000 774 1054 instructa
785 1000 944 1070 sciensque
960 999 996 1054 ad

68 1075 157 1120 castra
173 1065 293 1121 hostium
315 1068 438 1121 accessit.
475 1069 547 1123 Tum
565 1070 677 1123 demum
696 1070 849 1123 necessario
867 1068 996 1124 Germani

69 1143 134 1190 suas
156 1136 248 1207 copias
272 1137 367 1191 castris
390 1137 443 1191 edu
463 1141 540 1192 erunt
564 1138 768 1210 generatimque
793 1141 995 1210 constituerunt,

68 1205 178 1275 paruus
201 1206 348 1259 intervallis
372 1206 502 1278 Harudes,
530 1209 726 1280 Marcomanos,
754 1209 906 1280 Triboccos,
926 1209 997 1262 Van·

68 1275 170 1345 giones,
189 1273 328 1358 Nemetes,
348 1275 482 1346 Sedusios,
502 1276 611 1346 Suevos,
629 1294 794 1358 omnemque
812 1279 901 1331 aciem
918 1286 997 1332 suam

68 1342 161 1420 thedis
172 1351 200 1415 et
211 1343 292 1399 carris
303 1345 546 1417 circumdederunt,
559 1363 660 1415 nequa
672 1363 734 1426 spes
746 1363 773 1399 rn
786 1346 851 1414 fuga
863 1346 997 1468 relinpue-

68 1421 149 1468 retur.
163 1419 165 1424 '
183 1415 228 1468 ’Eo
246 1413 375 1469 mulieres
392 1415 584 1485 imposuerunt,
596 1432 668 1484 quae
685 1432 713 1468 rn
730 1415 862 1485 proelium
880 1431 926 1486 pro
946 1416 997 1470 cis·

69 1483 163 1557 centes
174 1484 261 1564 passis
272 1484 408 1539 manibus·
416 1485 513 1542 flentes
524 1484 710 1557 implorabant,
721 1501 755 1538 ne
765 1500 795 1537 se
803 1485 830 1538 irr
839 1484 997 1540 servitutem

68 1549 197 1609 Romame
208 1553 351 1609 traderent.

73 1646 75 1649 ·
103 1622 147 1677 sa.
167 1624 267 1677 Caesar
283 1624 395 1694 singulis
416 1622 568 1692 legionibus
591 1623 710 1694 singulos
733 1623 838 1692 legatos
855 1633 883 1676 et
900 1640 997 1748 prraes-

69 1692 166 1748 to'rem'
195 1693 313 1766 raeieoit,
326 1694 366 1747 uti
377 1711 424 1747 eos
442 1702 526 1747 testes
544 1698 608 1747 suae
620 1694 734 1764 quisque
747 1693 851 1747 virtutis
867 1692 904 1747 ha
923 1702 997 1765 eret;

69 1759 128 1833 ipse
136 1779 154 1817 a
162 1710 254 1817 distre
266 1781 356 1835 cornu,
366 1764 435 1834 quod
449 1780 511 1817 eam
523 1773 627 1834 partem
638 1764 750 1818 minime
758 1763 866 1818 firmam
878 1762 997 1819 hostium

70 1849 131 1887 esse
143 1833 267 1887 animunr
278 1833 437 1905 adverterat,
447 1833 576 1903 proelium
589 1834 732 1888 commisit.
759 1834 800 1888 lta
807 1834 890 1888 nostri
901 1835 998 1888 acriter

70 1900 98 1956 in
109 1901 202 1956 hostes
219 1903 294 1975 signo
306 1904 368 1959 dato
380 1904 514 1973 impetum
525 1903 655 1971 iecerunt,
668 1905 759 1975 itaque
776 1902 868 1959 hostes
885 1912 997 1974 repente

69 1971 246 2042 celeriterque
254 1974 447 2044 procurrerunt,
455 1981 484 2026 ut
492 1975 609 2043 spatium
621 1974 676 2044 pila
687 1975 715 2028 in
726 1975 819 2028 hostes
836 1973 997 2044 conjiciendi

70 2052 122 2095 non
134 2041 251 2095 daretur.
287 2041 404 2113 Rejectis
421 2043 484 2111 pilis
502 2045 653 2098 comminus
669 2044 766 2113 gladiis
784 2052 932 2114 pugnatum
945 2052 996 2096 est.

70 2111 107 2165 At
118 2110 247 2164 Germani
264 2111 387 2164 celeriter
400 2114 434 2164 ex
444 2113 639 2166 consuetudine
657 2130 707 2167 sua
718 2112 851 2183 phalange
863 2113 935 2167 sacta
947 2113 996 2166 im-

70 2180 311 2250 petusgladiorum
330 2190 501 2251 excepemnt.
539 2182 647 2252 Reperti
665 2193 726 2236 sunt
744 2182 897 2251 complures
914 2183 996 2236 nostri

70 2249 178 2322 milites,
192 2251 240 2322 qui
257 2251 284 2304 in
302 2250 450 2322 phalanges
468 2251 598 2305 insilirent
616 2260 643 2304 et
661 2261 737 2305 scuta
748 2251 874 2306 manibus
885 2252 997 2305 revelle·

68 2484 71 2487 ,
81 2400 309 2491 ¹¹¹¹:Proelimrrhere
320 2436 342 2486 is
352 2454 367 2487 a
377 2437 473 2498 regular
483 2437 569 2495 battle,
580 2439 606 2485 in
613 2435 695 2484 which
705 2435 747 2483 the
756 2435 836 2483 whole
847 2450 916 2496 army
924 2435 996 2486 takes

69 2502 173 2615 pqti'he
185 2543 280 2617 ancient
293 2555 414 2618 Germana
432 2568 545 2618 believed
563 2568 616 2617 that
635 2567 677 2616 the
692 2565 780 2616 female
797 2583 842 2615 sex
857 2566 905 2616 bad
915 2539 996 2617 somess

69 2623 334 2744 ffifimwpemffll
360 2631 434 2678 about
455 2629 482 2686 it,
506 2629 553 2678 and
573 2645 625 2677 was
650 2627 769 2677 endowed
789 2626 851 2676 with
870 2628 997 2689 prophetie

83 2773 182 2842 4⁸Thi⁸
200 2776 280 2825 oracle
299 2777 392 2836 applies
409 2777 467 2846 only
486 2786 512 2826 to
528 2777 570 2825 the
587 2786 686 2836 present
699 2792 768 2846 cass,
783 2776 840 2834 and,
853 2784 878 2825 at
895 2775 996 2825 another

70 2839 139 2890 utne,
152 2834 195 2884 the
205 2851 304 2884 women
314 2837 392 2898 might
403 2837 487 2885 advrse
498 2836 540 2885 the
551 2853 610 2897 very
621 2846 739 2897 opposite.

71 2920 174 3039 ζαἶέὲἐίιε
185 2925 260 3022 alumi
274 2940 315 2974 are
331 2925 373 2973 tha
384 2923 531 2981 auxiliaries,
544 2924 601 2973 who
612 2941 677 2974 were
688 2925 773 2974 drawn
782 2939 816 2983 up
822 2931 851 2996 'at
862 2921 996 2984 thewings

78 3049 185 3119 June
196 3056 226 3115 rs,
238 3055 300 3105 witi
311 3057 463 3107 tresnariae
474 3056 600 3106 reaches
611 3065 661 3105 out.

97 3116 177 3179 ‘The
210 3138 318 3186 uaestor,
335 3131 453 3190 probably
467 3130 510 3178 the
527 3138 641 3189 quaestor
650 3129 679 3178 of
689 3129 731 3177 the
747 3125 861 3187 province
876 3127 905 3176 oi
920 3127 994 3187 Gaul,

73 3203 154 3241 seems
164 3199 190 3239 to
219 3205 264 3238 ave
275 3189 388 3250 supplied
399 3190 441 3239 the
452 3189 521 3251 place
532 3188 560 3239 oi
572 3189 691 3253 alegate,
700 3188 854 3239 sammaa.
