2146 3704
77 234 138 299 ΜΘ
424 259 468 300 nii
486 259 582 300 samo
603 260 737 303 eunuco.

77 369 181 424 enebris
191 369 226 424 ad
238 367 398 425 Rhodanum
409 367 546 439 dispositis
556 371 703 440 praesidiis,
713 384 888 440 magnacum
896 387 959 426 eura
968 377 995 427 ot

78 437 218 508 diligentia
235 455 298 494 suos
312 446 429 492 tuentur.
465 441 570 510 Caesar,
583 442 654 509 quod
671 441 763 494 hostes
781 441 905 510 equitatu
921 457 995 511 supe·

78 509 161 563 riores
172 528 234 564 esse
246 509 421 578 intelligebat,
431 516 459 561 et
470 510 623 563 interclusis
634 510 758 564 omnibus
766 510 919 581 itineribus,
926 511 997 565 nulla

78 594 108 632 re
120 597 155 633 ex
166 580 302 651 provincia
320 587 402 648 atque
419 579 496 632 Italia
514 579 649 633 sublevari
664 588 775 649 poterat,
790 591 864 633 trans
875 581 997 634 Rhenum

78 648 105 702 in
118 651 291 704 Germaniam
303 649 385 702 mittit
396 647 431 701 ad
444 666 491 702 eas
503 650 633 729 civitates,
647 666 714 719 quas
726 650 912 719 superioribus
923 651 997 704 annis

78 729 229 791 pacaverat,
242 718 402 788 equitesque
419 718 455 771 ab
472 717 515 772 his
532 728 643 772 arcessit
657 728 684 772 et
702 719 770 772 levis
786 728 942 774 annaturae
954 737 997 790 pe

78 787 156 859 dites,
170 791 216 859 qui
229 790 357 842 intereos
371 788 494 857 proeliari
512 797 714 842 consueverant.
750 788 853 842 Eorum
871 789 996 860 adventu,

78 859 150 926 quod
167 860 258 912 minus
275 857 378 911 idoneis
395 856 472 926 equis
489 856 640 928 utebantur,
653 876 671 913 a
683 857 794 912 tribunis
806 859 928 913 militum
940 858 997 912 reli-

77 928 192 996 quisque
222 927 271 980 sed
295 929 330 979 et¹
354 926 489 994 equitibus
512 926 640 981 Romanis
662 936 743 998 atque
767 928 897 1000 evocatis,
916 945 997 1000 equos

78 997 161 1049 sumit
174 966 369 1065 demensque
382 994 527 1050 distribuit.
939 1033 940 1036 ,

112 1070 155 1119 66.
174 1067 287 1136 Interea,
309 1066 377 1119 dum
394 1064 464 1118 haec
487 1074 622 1136 gematur,
645 1064 764 1120 hostium
783 1067 879 1137 copiae
898 1083 934 1122 ex
950 1069 996 1122 Ar·

79 1135 168 1189 semis
178 1136 346 1207 equitesque,
359 1135 406 1205 qui
418 1136 466 1188 toti
478 1135 583 1190 Galliae
595 1144 670 1188 erant
682 1136 807 1205 imperati
826 1137 995 1191 conveniunt.

76 1203 179 1275 Magno
196 1207 291 1260 horum
309 1215 402 1259 coacto
420 1222 531 1258 numero
552 1221 637 1274 quum
649 1205 749 1258 Caesar
760 1205 789 1258 in
801 1175 942 1276 §equanos
952 1222 997 1276 per

76 1284 212 1328 extremos
223 1276 374 1344 Lingonum
385 1275 454 1328 fines
465 1275 515 1327 iter
526 1243 636 1344 iaceret,
649 1291 703 1343 quo
720 1272 828 1330 facilius
845 1276 996 1330 subsidium

76 1344 229 1412 provinciae
242 1344 304 1397 ferri
316 1352 415 1415 posset,
428 1344 533 1397 circiter
549 1343 624 1398 milia
641 1360 771 1414 passuum
781 1361 810 1399 x.
822 1344 858 1399 ab
870 1346 996 1400 Romanis

76 1413 153 1468 trinis
170 1416 264 1468 castris
277 1414 481 1483 Vercingetorix
498 1413 635 1468 consedit:
654 1414 863 1484 convocatisque
882 1415 920 1469 ad
939 1432 996 1469 coii-

76 1483 171 1538 cilium
188 1485 333 1554 praelectis
351 1485 481 1554 equitum,
494 1484 603 1537 venisse
623 1491 678 1536 tern
718 1484 871 1538 svietoriae
889 1485 996 1538 demon·

76 1561 157 1607 strat:
177 1555 271 1624 fugere
283 1555 310 1608 iri
323 1554 490 1625 provinciam
500 1555 634 1608 Romanos
645 1553 687 1606 Ga
697 1552 787 1621 liaqus
799 1554 952 1608 excedere:
970 1553 996 1607 id

75 1622 127 1676 sibi
139 1624 173 1676 ad
186 1633 359 1693 praesentem
370 1623 545 1678 obtinendam
562 1622 716 1676 libertatem
734 1623 800 1675 satis
815 1640 877 1676 esse
885 1640 894 1693 ;
911 1624 947 1677 ad
959 1640 996 1677 re·

74 1690 152 1761 liqui¹
164 1694 291 1763 temporis
302 1710 401 1764 pacem
418 1702 500 1763 atque
512 1693 595 1746 otium
607 1688 702 1762 parum
714 1693 805 1762 profici
815 1694 833 1746 :¹
851 1693 996 1763 majoribus

74 1763 150 1815 enim
168 1765 269 1816 coactis
288 1763 374 1844 copiis
393 1780 552 1833 reversuros,
572 1778 662 1842 neque
682 1762 766 1814 finem
785 1761 850 1815 belli
872 1763 994 1823 facturos.

74 1829 190 1885 Proinde
211 1832 238 1886 in
259 1850 367 1902 agmine
388 1832 532 1902 impeditos
554 1831 726 1885 adoriantur.⁴
760 1830 787 1884 Si
805 1831 917 1911 pedites
941 1832 994 1886 suis

74 1900 205 1954 auxilium
216 1902 303 1955 ferant
315 1911 396 1971 atque
409 1903 437 1954 in
449 1919 482 1954 eo
493 1910 638 1970 morentur,
651 1901 702 1953 iter
717 1901 812 1954 confici
830 1917 886 1954 non
903 1916 994 1972 posse,

74 1969 104 2037 si,
123 1969 151 2020 id
172 1969 241 2037 quod
265 1971 353 2038 magis
376 1970 498 2022 futurum
522 1970 646 2037 confidat,
667 1969 767 2022 relictis
784 1970 993 2040 impedimentis,

73 2053 139 2090 suae
156 2037 235 2090 saluti
248 2039 394 2106 consulant,
405 2047 432 2090 et
444 2055 494 2090 usu
504 2054 592 2090 rerum
601 2039 815 2092 necessariarum
827 2048 854 2092 et
867 2040 994 2109 dignitate

72 2106 215 2176 spoliatum
228 2106 269 2158 iri.
305 2107 377 2159 Nam
389 2105 424 2159 de
436 2106 574 2175 equitibus
585 2106 723 2177 hostium,⁶
733 2109 797 2178 quin
810 2126 893 2162 nemo
905 2111 995 2163 eorum

71 2173 194 2297 grogredi
211 2174 292 2228 modo
310 2184 386 2229 extra
398 2176 628 2257 ,agmenaudeaq
642 2194 677 2230 ns
689 2177 761 2258 ipsos
772 2178 885 2247 quidem
897 2179 994 2233 debere

90 2245 204 2298 ubitare.
240 2245 271 2299 Id
284 2262 337 2316 quo
349 2263 451 2316 majore
462 2246 564 2300 faciant
582 2263 682 2319 animo,
695 2264 788 2317 copias
799 2264 830 2300 se
842 2264 941 2302 omnes
950 2263 994 2320 pro

100 2417 166 2467 ¹Sed
176 2427 198 2467 et
209 2435 236 2467 oi·
245 2422 287 2468 sed
297 2421 367 2468 etiam
382 2419 506 2481 generally
516 2419 597 2467 follow
609 2418 670 2468 alter
679 2419 722 2468 the
737 2434 767 2467 ne
800 2419 850 2469 tiva
861 2437 912 2470 noa
922 2425 994 2471 soluat

69 2492 156 2547 orlaosi
164 2486 272 2548 ¹turritum:
290 2479 315 2527 in
325 2480 374 2528 this
385 2495 497 2549 passage,
510 2478 551 2527 the
563 2479 684 2540 negative,
695 2479 771 2586 thoug
798 2489 841 2548 not
852 2480 991 2540 expressed‚

69 2537 992 2648 ¹⁵1¹i¹r¹tl⁶lliilt0tt⁰il¹ltittaintellitttitl'lttultl:

69 2612 109 2705 lle
128 2633 302 2707 not’common
320 2658 458 2715 horsemen,
471 2660 514 2707 but
530 2614 631 2717 pelsons
642 2633 671 2705 ds
682 2656 821 2725 equestrian
837 2615 908 2706 rhnli.
940 2658 992 2707 'I'he

68 2718 158 2764 euocati
172 2732 212 2764 are
228 2733 285 2765 men
295 2717 352 2766 who
362 2717 409 2766 had
420 2717 519 2777 alreodv
529 2716 616 2766 served
627 2716 690 2765 their
700 2726 768 2772 time,
781 2717 873 2772 but‚.to
885 2716 965 2778 oblige
979 2731 991 2766 u

67 2774 176 2836 general,
189 2776 237 2825 and
247 2776 329 2825 derivo
341 2776 434 2825 further
445 2775 544 2834 benefit,
556 2775 628 2837 again
638 2773 748 2837 engaged
758 2790 785 2822 as
796 2775 910 2824 soldisrs.

96 2847 226 2908 'Reliqui';
244 2848 296 2897 that
307 2848 337 2905 is,
344 2850 440 2910 futuri.

97 2919 208 2968 'Parum
220 2922 313 2983 profici,
328 2920 407 2969 ‘little
418 2938 469 2970 vves
480 2921 585 2982 gained!

96 2993 268 3043 ‘Adoriaatur
277 2992 385 3053 depende
401 3010 416 3043 u
434 3009 466 3042 on
482 3009 550 3042 some
561 2995 620 3042 verb
636 2992 753 3054 denoting
766 2997 805 3041 ‘to
816 2993 953 3043 admonish'
964 3007 989 3041 or

70 3053 187 3111 ‘advisa'
201 3053 281 3102 which
292 3053 313 3102 is
324 3053 406 3113 implie
434 3053 459 3102 in
469 3053 511 3101 the
519 3052 652 3113 preceding
662 3055 814 3100 demonstrat.

95 3129 152 3178 ‘De
166 3131 283 3198 quidus
298 3131 400 3179 hostium
415 3136 481 3178 must
492 3128 523 3175 be
534 3127 667 3196 connected
678 3126 738 3175 with
749 3126 791 3177 the
803 3129 862 3176 verb
872 3129 986 3182 delitare,

67 3189 170 3258 though,
184 3188 279 3238 instead
294 3188 322 3237 ol
332 3191 362 3238 ds
377 3190 504 3251 equitibus,
522 3185 615 3235 Caesar
630 3186 708 3295 mffht
727 3185 779 3234 also
794 3186 856 3235 have
872 3187 936 3255 used
948 3185 987 3232 tlie

85 3258 175 3296 enitivs
190 3250 302 3308 mudum,
315 3247 439 3309 gevemed
453 3249 487 3310 by
497 3263 571 3304 neno,
586 3245 633 3297 and
673 3244 790 3296 terwsrds
808 3245 871 3297 have
888 3241 987 3309 omitted

65 3315 77 3353 t
93 3321 110 3354 e
115 3321 229 3366 pronoun
239 3323 326 3356 eorum.
