2146 3704
52 310 55 315 ,
76 244 133 305 186
377 262 418 305 nu
440 261 537 303 acano
557 260 693 303 araneo.

73 371 150 444 palns
161 377 299 444 perpetua,
312 387 384 442 quaa
402 369 594 443 intercedebat,
607 372 741 426 Romanos
751 370 788 424 ad
799 371 997 441 insequendum

72 442 202 512 tardabat.
227 442 344 513 Jamque
356 443 407 497 hoc
419 443 601 495 facere-noctu
612 440 785 511 apparabant,
798 457 885 511 quum
897 451 997 498 matres

72 512 194 567 familiae
216 521 327 582 repente
350 513 377 566 in
397 512 535 584 publicam
555 518 740 581 pmcurrerunt
759 511 920 582 flentesque,
940 529 997 583 pro·

71 581 161 654 jactae
173 583 207 637 ad
220 582 306 654 pedes
318 599 434 652 suorum,
447 581 574 635 omnibus
587 580 713 652 precibus
723 580 868 651 petiemnt,
881 599 917 635 ne
929 598 960 635 se
969 590 997 636 et

73 670 233 708 communes
250 651 349 706 liberos
366 651 489 707 hostibus
505 651 541 705 ad
557 651 721 720 supplicium
732 650 870 721 dederent,
884 667 953 720 quos
963 652 997 708 ad

73 723 235 794 capiendam
257 721 352 792 fugam
374 730 484 776 naturae
507 728 535 774 et
558 721 657 774 virium
678 719 821 774 infirmitas
843 720 997 791 impediret.

73 792 128 847 Ubi
147 810 194 847 eos
214 793 241 846 in
262 792 396 845 sententia
413 800 532 860 perstare
549 790 680 860 viderunt,
699 789 776 860 quod
790 791 952 861 plerumque
970 792 998 847 iu

74 878 180 916 summo
211 860 310 914 ericulo
322 859 622 914 timormisericordiam
640 877 692 915 non
711 859 766 912 reci
785 860 813 930 it,
826 860 998 915 conclamare

73 941 101 984 et
120 879 268 999 signitlcare
286 929 321 982 de
340 929 405 998 suga
421 929 550 983 Romanis
567 935 721 999 coeperunt.
740 877 816 988 guo
832 930 929 984 timore
940 946 998 1003 per·

74 1000 157 1053 territi
168 999 245 1068 Galli,
259 1016 294 1051 ne
311 997 346 1052 ab
364 997 486 1068 equitatu
502 999 683 1052 Romanorum
694 997 756 1051 viae
771 1015 998 1070 praeoccuparen-

74 1077 122 1139 tur,
135 1068 245 1122 oonsilio
256 1068 425 1121 destiterunt.

109 1143 153 1192 at.
172 1139 280 1192 Postero
291 1138 336 1192 die
348 1138 454 1208 Caesar,
468 1144 588 1208 promota
603 1136 666 1190 turri
681 1136 853 1208 directisque¹
864 1138 997 1212 operibus,

75 1226 145 1279 quae
167 1209 257 1262 facere
281 1209 439 1277 instituerat,
460 1223 558 1276 magno
581 1205 780 1277 coorto·imbri,
801 1223 855 1260 non
874 1207 998 1264 inutilem

74 1277 145 1332 hano
162 1277 195 1330 ad
216 1277 378 1347 capiendum
398 1276 541 1330 eonsilium
557 1282 748 1346 tempestatem
764 1275 914 1349 arbitratus,
928 1277 999 1348 quod

74 1347 164 1417 paullo
184 1344 316 1399 incautius
336 1345 471 1400 custodias
490 1345 516 1398 in
536 1361 613 1399 muro
633 1344 775 1414 dispositas
794 1346 914 1417 videbat,
936 1364 999 1402 suos

75 1431 181 1488 quoque
199 1415 350 1485 languidius
367 1417 396 1468 in
413 1431 493 1486 opere
505 1415 612 1468 versari
622 1412 709 1485 jussit,
722 1423 750 1468 et
761 1414 826 1486 quid
837 1416 896 1470 fieri
907 1417 998 1487 vellet,

74 1487 198 1540 ostendit.
235 1484 367 1557 Legiones
384 1486 454 1539 intra
465 1485 559 1538 vineas
577 1485 604 1537 in
622 1483 736 1537 occulto¹
750 1484 891 1554 expeditas
907 1486 998 1541 cohor·

75 1563 152 1628 tatur,
166 1556 350 1636 utaliquando
365 1571 412 1626 pro
430 1555 510 1608 tantis
527 1553 662 1607 laboribus
673 1553 791 1608 fructum
802 1556 930 1608 victoriae
941 1573 999 1627 per·

74 1626 209 1696 ciperent:
229 1624 280 1694 hrs,
293 1626 340 1695 qui
357 1624 436 1694 primi
452 1640 561 1678 murum
578 1620 789 1693 ads'cendissent,
802 1625 925 1693 praemia
942 1641 999 1694 pro·

73 1694 161 1765 posuit
184 1692 369 1764 militibusque
393 1694 498 1762 signum
521 1692 604 1746 dedit.
640 1690 682 1746 Illi
705 1692 792 1746 subito
816 1710 851 1747 ex
874 1694 999 1762 omnibup

74 1764 194 1835 partibus
205 1764 378 1818 evolaverunt
390 1779 553 1844 murumque
565 1762 687 1816 celeriter
698 1763 909 1831 complevemnt.

110 1838 152 1888 28.
171 1835 276 1904 Hostes,
290 1851 318 1886 re
329 1849 399 1886 nova
410 1833 550 1902 perterriti,
567 1849 643 1886 muro
662 1831 830 1902 turribusque
848 1832 957 1904 dejecti,
971 1834 999 1888 in

74 1901 130 1956 foro
148 1920 181 1956 ac
198 1903 264 1956 locis
281 1902 475 1972 patentioribus
490 1902 627 1955 cuneatim
643 1900 823 1971 constiterunt,
836 1901 888 1955 hoc
899 1904 996 1975 animo,

74 1979 112 2041 ut,
132 1972 155 2024 si
176 1988 229 2040 qua
249 1986 284 2024 ex
303 1980 378 2040 parte
396 1970 504 2023 obviam
521 1972 620 2023 contra³
631 1971 773 2042 veniretur,
792 1972 851 2024 acie
871 1973 999 2027 instructa

74 2040 109 2094 de
128 2048 267 2109 ugnarent.
290 2039 344 2093 Ubi
355 2039 495 2092 neminem
507 2039 534 2091 in
542 2055 659 2108 aequum
672 2040 761 2093 locum
772 2057 834 2094 sese
845 2041 996 2114 demittere,

75 2058 128 2163 sel
142 2117 195 2163 toto
213 2107 333 2177 undique
352 2124 429 2161 muro
449 2108 636 2161 circumfundi
647 2109 778 2182 viderunt,
790 2111 876 2181 veriti,
889 2128 925 2164 ne
942 2129 998 2166 om·

74 2178 137 2232 nino
161 2193 223 2248 spes
246 2177 327 2246 fugae
350 2176 494 2248 tolleretur,
518 2177 632 2248 abjectis
657 2179 746 2249 armis,
771 2179 882 2234 ultimas
906 2180 997 2253 oppidi

73 2256 163 2319 partes
182 2246 327 2300 continenti
345 2246 460 2317 impetu⁸
475 2248 642 2318 petiverunt:
663 2265 779 2319 parsque
797 2249 842 2318 ibi,
856 2266 941 2319 quum
953 2267 999 2304 aa·

74 2325 152 2397 gusto
175 2325 310 2389 portatum
334 2317 408 2370 exitu
431 2334 461 2370 se
484 2317 535 2387 ipsi
558 2328 717 2388 premerent,
739 2318 915 2389 amilitibus,
936 2336 999 2391 pata

73 2403 129 2457 Jam
142 2404 249 2457 egressa
261 2387 342 2457 portis
353 2386 389 2440 ab
404 2387 538 2456 equitibus
555 2395 596 2440 cst
614 2386 768 2440 interiecta:
787 2405 839 2441 nec
856 2387 908 2442 fuit
946 2389 998 2443 uio·

74 2474 164 2530 quam,
175 2458 221 2527 qui
233 2456 349 2528 praedae
361 2456 489 2510 studeret.
519 2456 561 2510 Sic
570 2463 596 2509 et
605 2456 759 2509 Genabensi
770 2457 856 2511 caede
868 2467 896 2512 et
907 2458 934 2511 la
970 2474 998 2513 rs

103 2613 225 2662 ιΙὶὶνοεείε
233 2630 245 2670 ,·
262 2612 369 2673 namely,
382 2611 477 2672 against
494 2611 566 2660 those
584 2618 651 2671 parta
667 2609 696 2658 of
708 2610 750 2659 tha
765 2609 823 2659 wall
839 2610 922 2661 where
939 2611 998 2674 they

73 2673 152 2734 might
163 2673 268 2733 produce
279 2673 321 2721 tha
332 2680 441 2734 greatest
452 2669 533 2718 effect.

101 2758 151 2808 Ἰιι
161 2761 249 2808 occulto
261 2758 282 2808 is
298 2774 329 2806 an
344 2757 500 2818 explanation
513 2756 545 2823 ol
557 2758 623 2806 intra
634 2757 718 2805 vinem
726 2773 737 2813 ,·
756 2755 849 2804 Caesar
864 2720 997 2805 addressed

72 2817 226 2936 lllgnelnlelh‘le
237 2817 297 2878 thoy
307 2832 372 2866 were
383 2816 472 2865 within
481 2816 524 2865 the
534 2816 630 2874 vineae,
643 2814 691 2864 aad
707 2815 780 2864 could
796 2824 838 2864 not
849 2817 881 2864 be
893 2830 954 2865 seen
963 2816 997 2877 by

43 2974 48 2985 '
101 2967 111 2996 ¹
124 2965 222 3014 Obviam
231 2961 279 3011 and
288 2970 371 3011 contra
381 2961 507 3022 apparenti
530 2961 592 3011 form
600 2961 755 3022 apleonasm,
763 2962 807 3010 but
815 2962 905 3011 odviam
915 2974 997 3011 seems

72 3033 98 3074 to
109 3024 213 3076 indicate
224 3022 282 3083 only
293 3021 335 3071 the
346 3021 473 3079 directim,
486 2978 598 3070 whereas
609 3031 691 3071 contra
701 3021 744 3069 the
755 3021 883 3070 intention.
955 3050 958 3056 ι

100 3114 109 3142 ⁴
121 3113 289 3185 (Jircamsuadi
295 3128 306 3168 ;
324 3109 413 3171 supply
423 3114 508 3167 hostes,
522 3109 603 3157 which
614 3109 635 3157 is
651 3108 751 3170 implied
766 3109 792 3158 in
807 3108 849 3158 the
865 3104 995 3168 preceding

71 3189 193 3222 nemeaea.

100 3260 263 3314 ‘Continenti
280 3260 386 3320 impetu
410 3256 461 3305 that
483 3256 513 3312 is,
532 3271 605 3303 cursu
623 3271 672 3303 non
694 3258 839 3316 intercalata,
862 3255 936 3316 ‘thoy
951 3264 993 3303 rau

68 3317 173 3366 un'tlrout
181 3317 308 3379 stopping,
322 3316 385 3366 until
396 3316 456 3378 they
467 3313 589 3372 reached,’
603 3313 652 3363 duc.
