2146 3704
92 265 149 325 152
179 273 183 289 ¹
394 285 436 325 oa
457 284 555 325 nanno
574 283 710 325 eutice.

89 390 177 444 solnm
194 391 223 445 in
240 390 366 447 omnibus
382 393 537 448 civitatibus
553 401 634 463 atque
651 393 679 447 in
696 391 823 447 omnibus
840 391 919 472 pagis
934 392 1015 464 parti·

91 462 212 532 busque,¹
224 462 273 517 sed
285 479 371 533 paene
391 464 475 518 etiam
486 464 513 517 in
525 463 638 532 singulis
648 463 774 516 domibus
791 462 923 516 factiones
938 470 1014 516 sunt:

89 546 237 602 earumque
257 531 404 588 lactionum
421 534 555 604 principes
572 541 640 603 sunt,
654 533 700 604 qui
720 550 857 586 summam
875 532 1016 597 auctorita·

88 607 145 654 tem
158 618 252 656 corum
262 601 361 672 judicio
374 603 474 657 habere
492 604 686 674 existimantur,
696 601 865 673 quorumhad
877 602 1016 657 arbitrium

86 669 275 741 judiciumque
293 689 401 726 summa
419 673 539 726 omnium
561 689 650 726 rerum
668 672 893 741 consiliorumque
914 671 1016 726 redeat.

88 740 173 811 ldqne
193 743 253 812 ejus
272 741 311 794 rei
329 759 413 795 causa
432 743 580 812 antiquitus
595 743 745 796 institutum
765 741 880 811 videtur,
899 759 935 795 ne
955 742 1017 812 quis

88 827 124 864 ex
135 811 215 881 plebe
227 819 317 864 contra
324 812 501 881 potentiorem
512 812 606 866 auxilii
617 821 725 881 egeret:
741 827 804 864 suos
816 811 890 865 enim
919 811 1016 882 uisque
1066 864 1071 882 ¹,

87 897 104 932 o
122 881 201 950 primi
220 890 248 933 et
267 882 454 934 circumveniri
474 897 527 934 non
544 882 652 960 patitur,
669 898 766 951 neque,
782 880 860 934 aliter
872 828 1014 952 siiaciaat,

126 967 173 1002 am
184 951 252 1002 inter
265 966 328 1003 suos
341 949 443 1003 habent
454 958 650 1005 auctoritatem.
687 952 762 1004 Haec
779 950 877 1004 eadem
896 951 962 1004 ratio
974 959 1016 1006 est

88 1018 116 1072 in
134 1035 241 1073 summa
260 1020 341 1073 totius
358 1020 463 1073 Galliae
472 1020 490 1073 :³
501 1038 619 1092 nemque
639 1038 735 1075 ornnes
752 1020 875 1074 civitates
886 1020 915 1074 in
926 1029 1016 1092 partes

87 1087 191 1142 divisae
203 1098 265 1143 sunt
277 1088 354 1144 duas.
485 1130 489 1136 .
970 1149 973 1152 ,

126 1164 167 1213 12.
185 1160 275 1218 Quum
294 1161 393 1213 Caesar
410 1161 438 1213 in
454 1160 571 1214 Galliam
582 1161 664 1230 venit,
677 1159 788 1213 alterius
806 1158 931 1215 factionis
948 1161 1016 1235 prin3

88 1227 164 1298 cipes
182 1239 257 1283 crant
269 1230 366 1299 Aedui,
379 1231 490 1284 alterius
507 1229 642 1300 Sequani.⁴
676 1230 711 1282 Hi
728 1246 814 1299 quum
825 1247 872 1298 per
885 1230 1017 1284 seminus

87 1299 215 1369 valerent,
235 1299 307 1368 quod
327 1317 434 1353 summa
453 1301 597 1354 auctoritas
615 1299 764 1369 antiquitus
786 1308 844 1352 erat
864 1299 892 1353 in
912 1300 1016 1354 Aeduis

88 1385 256 1438 magnaeque
275 1386 368 1423 eorum
386 1378 461 1424 erant
479 1370 629 1440 clientelae,
642 1370 790 1422 Germanos
804 1378 886 1438 atque
899 1369 1015 1423 Ariovis·

88 1447 148 1493 turn
160 1438 212 1492 sibi
229 1438 407 1510 adjunxerant
424 1457 524 1510 eosque
540 1440 574 1493 ad
588 1457 617 1492 se
635 1441 741 1508 magnis
757 1438 877 1508 jacturis⁵
888 1439 1016 1508 pollicita·

88 1508 259 1580 tionibusque
283 1510 469 1579 perduxerant.
514 1510 625 1564 Proeliis
643 1526 706 1563 vero
730 1507 915 1578 compluribus
938 1508 1016 1562 factis

88 1579 214 1632 secundis
231 1589 313 1650 atque
331 1583 404 1634 omni
421 1580 560 1634 nobilitate
575 1579 731 1634 Aeduorum
749 1578 897 1649 interiecta,
912 1587 1016 1633 tantum

88 1649 206 1717 potentia
223 1658 429 1719 antecesserant,
443 1659 472 1703 ut
489 1667 616 1719 magnam
635 1659 739 1716 partem
757 1648 897 1701 clientium
916 1648 952 1703 ab
964 1652 1016 1702 Ae·

88 1717 149 1770 duis
167 1718 201 1771 ad
221 1736 251 1772 se
271 1719 474 1773 transducerent
493 1720 655 1789 obsidesque
673 1718 709 1771 ab
728 1718 761 1771 iis
778 1718 930 1788 principum
948 1718 1016 1773 filios

89 1787 243 1856 acciperent
255 1797 282 1842 et
294 1789 402 1858 publice
413 1789 502 1859 jurare
515 1798 648 1858 cogerent,
659 1788 725 1860 nihil
737 1804 767 1840 se
779 1796 871 1840 contra
880 1787 1016 1858 Sequanos

88 1858 191 1910 consilii
209 1859 337 1926 inituros;
355 1867 382 1911 et
400 1869 504 1928 partem
522 1859 628 1912 finitimi
645 1858 701 1926 agri
719 1857 838 1926 pervim
857 1867 1016 1928 occupatam

88 1926 256 1994 possiderent
273 1928 431 1996 Galliaeque
448 1929 529 1980 totius
551 1928 729 1998 principatum
752 1925 911 1980 obtinerent.
960 1927 1016 1986 Qua

88 1995 249 2048 necessitate
261 1994 394 2047 adductus
405 1995 561 2065 Divitiaous,
574 1996 667 2049 auxilii
685 1996 794 2066 petendi
808 2013 891 2049 causa
903 1998 1017 2050 Romam

87 2064 122 2116 ed
135 2073 260 2116 senatum
278 2063 419 2133 profectus,
433 2064 533 2117 insecta
544 2083 572 2117 re
586 2065 709 2133 redierat,
745 2065 883 2119 Adventu⁶
895 2066 1016 2121 Caesaris

88 2132 161 2186 facta
179 2132 387 2185 commutatione
406 2151 503 2201 rerum,
516 2133 655 2189 obsidibus
667 2135 770 2188 Aeduis
788 2135 907 2206 redditis,
921 2136 1017 2189 veteri·

87 2202 140 2256 bus
157 2201 289 2255 clientelis
302 2202 438 2272 restitutis,
448 2204 523 2256 novis
535 2222 583 2274 per
594 2205 739 2257 Caesarem
750 2206 920 2275 comparatis,
934 2204 1017 2277 (quod

87 2272 123 2341 hi,
144 2272 236 2341 quise
255 2271 289 2325 ad
308 2289 400 2326 eorum
420 2274 569 2327 amicitiam
587 2283 804 2344 aggregaverant,
824 2274 936 2328 meliore
954 2292 1016 2328 con·

87 2341 188 2396 ditione
199 2351 280 2412 atque
292 2343 418 2412 aequiore
430 2344 540 2414 imperio
553 2361 582 2397 se
595 2346 634 2397 uti
643 2343 782 2415 videbant)
799 2342 911 2413 reliquis
932 2344 1014 2398 rebus

87 2429 188 2483 eorum,
216 2413 307 2483 gratia,
338 2413 467 2481 dignitate
494 2413 675 2484 amplificata*
695 2413 811 2482 Sequani
837 2413 1016 2484 principatum

116 2565 190 2615 ¹The
197 2575 279 2629 portes
291 2574 357 2616 must
368 2567 398 2615 be
410 2565 485 2614 taken
495 2582 522 2614 as
533 2564 697 2614 subdivisione
708 2564 736 2612 of
747 2563 789 2612 the
797 2566 865 2628 pegi.

115 2640 126 2668 ¹
138 2640 245 2700 Quorum
255 2640 365 2689 contains
382 2639 423 2688 the
435 2639 489 2688 idea
499 2639 528 2688 ol
539 2655 619 2701 quum,
633 2638 748 2699 denoting
759 2653 841 2696 cause,
854 2637 957 2687 whence
973 2637 1015 2687 the

86 2700 241 2759 subjunctive
253 2703 340 2748 redeat.

115 2772 201 2820 'That
217 2772 247 2828 is,
260 2771 286 2819 in
301 2771 344 2820 the
363 2771 521 2820 constitution
537 2771 565 2820 of
577 2770 609 2820 all
626 2770 699 2828 Gaul,
713 2769 866 2831 considering
884 2770 902 2819 it
921 2786 949 2820 as
967 2784 1014 2820 one

86 2839 154 2893 great
165 2839 239 2887 state,
252 2845 279 2879 or
289 2845 317 2879 es
328 2846 342 2878 a
352 2831 427 2878 anion
437 2830 466 2878 ol
477 2840 563 2901 states.

114 2905 125 2934 ⁴
134 2902 182 2952 See
193 2902 208 2950 i.
217 2905 254 2951 31.

114 2976 248 3026 ⁶Jacturae
263 2975 308 3025 has
324 2975 412 3024 almost
428 2975 471 3023 the
481 2975 595 3037 meaning
606 2977 635 3025 ol
648 2975 791 3037 ‘presente’
804 2975 840 3023 for
850 2975 869 3023 it
881 2975 982 3025 denotas
998 2990 1013 3024 a

85 3037 353 3158 qqssadqlqiqlqgaeperson
363 3036 385 3084 is
396 3034 493 3096 obliged
503 3045 529 3084 to
539 3036 634 3084 sustain
644 3036 680 3085 sor
691 3036 733 3083 the
744 3050 848 3095 purpose
859 3035 888 3083 of
898 3035 1012 3096 securiug
1025 3107 1029 3114 Ι

115 3170 259 3228 ‘Adversum
277 3169 329 3218 that
341 3168 371 3226 is,
387 3173 425 3218 'at
436 3169 478 3217 the
489 3169 549 3217 time
560 3168 588 3217 of
600 3168 641 3216 the
652 3167 756 3216 arrival!

93 3285 96 3292 .
115 3243 283 3304 'Amplificcta
301 3243 322 3291 is
341 3243 398 3291 here
416 3243 487 3291 made
503 3253 529 3290 to
545 3257 616 3302 agree
627 3241 684 3301 only
695 3239 755 3288 with
766 3241 894 3302 dignitate,
907 3238 1007 3309 though,

83 3300 181 3368 strictly
191 3303 320 3373 speulring,
338 3303 356 3350 it
372 3303 448 3363 ought
467 3312 493 3350 to
512 3318 524 3349 u
554 3317 583 3347 ee
597 3300 659 3369 yrith
678 3302 776 3362 reliquie
796 3302 872 3358 rebus,
889 3299 918 3349 of
929 3297 1008 3350 which

63 3366 156 3432 gram
164 3359 217 3407 aad
224 3364 349 3422 decurtate
358 3378 399 3412 are
410 3361 470 3424 only
480 3375 530 3424 exp
540 3369 658 3411 nuatione.
