2146 3704
481 112 575 155 menn
595 113 635 155 rr.
945 97 1001 156 167

69 223 193 280 sustinet.
238 221 501 279 Circumfunduntur¹
524 241 558 277 err
582 222 690 292 reliquis
713 225 804 276 hostes
827 224 953 294 partibus,
979 223 1001 276 si

69 312 150 365 quern
164 295 272 349 aditum
285 295 399 363 reperire
418 302 535 364 possent.
571 295 660 361 Aegre
678 294 759 345 nostri
778 294 866 362 portas
884 304 1000 363 tuentur,

70 368 186 436 reliquos
198 365 288 417 aditus
300 364 375 417 loeus
387 366 445 434 ipse
463 382 510 434 per
529 381 557 416 se
577 363 743 431 munitioque
761 363 903 425 defendit„
926 365 1002 418 Totis

69 436 219 506 trepidatur
248 435 349 504 cestrie,
374 445 456 504 atque
485 433 555 486 alius
584 451 619 486 ex
647 433 699 485 alio
729 450 841 486 causam
871 435 1002 489 tumultus

69 506 190 576 quaerit5
215 522 304 574 neque
322 521 375 573 quo
395 509 471 573 signa
489 504 614 571 serantur,
634 520 724 571 neque
743 508 825 571 quarn
849 503 876 556 in
896 514 1002 573 partem

69 577 185 646 quisque
210 575 359 644 conveniat,
379 574 527 644 provident.
563 573 642 627 Alius
661 582 739 642 capta
761 573 816 642 jam
838 582 924 627 castra
944 591 1001 643 pro·

69 648 195 714 nunciat,
224 645 294 697 alius
320 645 409 697 deleto
439 643 558 696 exercitu
588 651 670 711 atque
701 644 861 713 imperatore
887 643 1002 697 victores

69 715 198 771 barbaros
216 716 323 768 venisse
343 714 495 767 contendit:
517 713 637 783 plerique
657 729 741 765 novas
760 709 810 766 sibi
830 731 864 766 ex
884 713 941 767 loeo
961 731 1001 766 re-

70 785 192 855 ligiones²
214 785 326 854 fingunt,
351 786 498 852 Cottaeque
522 795 549 836 et
573 784 668 837 Titurii
691 783 881 852 calamitatem,
903 784 950 853 qui
972 784 1001 838 in

69 856 168 909 eodem
186 855 332 908 occiderint
350 853 469 922 castello,
489 862 551 906 ante
569 854 661 906 oeulos
697 862 788 906 onunt.
825 854 885 906 Tali
905 856 1000 908 timore

68 926 195 978 omnibus
218 924 371 994 perterritis,
390 923 561 976 confirmatur
577 924 664 992 opinio
679 871 809 994 herbaria,
829 931 858 976 ut
881 941 923 978 ex,
939 942 1000 994 cap·

69 995 123 1048 tivo
143 994 292 1063 audierant,
313 993 417 1046 nullum
438 1010 498 1046 esse
519 994 591 1046 inlus
614 993 786 1061 praesidium.
823 994 1000 1065 Perrumpere

68 1065 190 1119 nituntur
214 1081 298 1132 seque
322 1064 373 1132 ipsi
401 1063 581 1133 adhortantur,
605 1079 640 1115 ne
671 1071 773 1116 tantam
802 1062 936 1117 fortunam
966 1080 1002 1116 ex

69 1135 196 1188 manibus
213 1134 357 1186 dimittant.

103 1210 147 1258 ³8.
179 1205 243 1258 Erat
266 1220 348 1271 aeger
365 1203 391 1256 in
412 1202 544 1272 praesidio
560 1201 669 1255 relictus
693 1203 723 1255 Ρ.
744 1202 850 1255 Sextius
874 1201 999 1272 Baculus,

68 1275 114 1344 qui
132 1274 250 1346 primum
269 1274 353 1342 pilum
371 1272 415 1325 ad⁸
434 1274 578 1325 Caesarem
597 1272 718 1341 duxerat,
738 1272 817 1342 cujus
834 1274 999 1326 mentionem

68 1343 250 1415 superioribus
262 1342 370 1412 proeliis
382 1343 515 1409 lecimuS,⁴
526 1359 559 1393 ac
575 1341 648 1393 diem
667 1341 722 1409 jam
736 1343 860 1409 quintum
878 1343 938 1395 cibo
956 1360 1000 1395 oa·

68 1422 167 1467 ruerat.
202 1412 262 1481 Hic,
282 1412 388 1466 diffisus
405 1428 471 1463 suae
489 1421 571 1478 atque
589 1410 711 1462 omnium
729 1410 818 1479 saluti,
837 1410 948 1463 inermis
965 1428 1001 1464 ex

67 1482 241 1537 tabernaculo
259 1481 361 1551 prodit:
387 1481 459 1532 videt
478 1479 619 1531 imminere
639 1478 729 1530 hostes
747 1489 828 1547 atque
848 1480 875 1531 in
893 1496 999 1533 summo

68 1571 126 1606 rem
145 1569 206 1606 esse
224 1552 395 1604 discrimine:
418 1551 488 1618 capit
506 1566 581 1601 arma
599 1565 616 1600 a
634 1548 763 1616 proximis
779 1558 863 1617 atque
880 1549 907 1602 in
925 1557 1000 1619 porta

67 1622 197 1675 consistit.
234 1622 437 1689 Consequnntur
449 1621 521 1672 hunc
534 1621 704 1671 centuriones
722 1618 781 1687 ejus
792 1613 915 1688 coho'rtis,
928 1636 999 1688 quae

68 1689 95 1745 ln
116 1691 230 1745 statione
251 1699 323 1743 erat:
348 1690 494 1758 paullisper
512 1706 566 1746 una
584 1688 714 1758 proelium
733 1688 874 1741 sustinent.
910 1689 1000 1742 Relin-

67 1762 126 1832 quit
149 1761 267 1813 animus⁵
285 1760 413 1828 Sextium,
433 1759 559 1827 gravibus
583 1758 702 1828 acceptis
721 1758 893 1811 vulneribus:
918 1774 999 1826 aegre

68 1848 116 1902 per
135 1848 233 1884 manns
253 1839 353 1882 tractus
373 1838 502 1882 servatur.
538 1829 596 1881 Hoc
616 1828 701 1898 spatio
721 1828 883 1898 interposito,
903 1827 998 1897 reliqui

69 1917 130 1954 sese
142 1901 300 1954 confirmant
313 1907 424 1969 tantum,
438 1910 467 1953 ut
480 1900 505 1952 in
518 1898 712 1952 munitionibus
724 1899 869 1952 consistere
881 1899 999 1952 audeant

68 1970 244 2042 speciemque
257 1969 431 2022 defensorum
443 1970 607 2038 praebeantl

105 2044 146 2092 39.
172 2039 283 2093 Interim
302 2039 426 2092 conlecta
444 2040 660 2109 frumentatione,
679 2039 781 2092 milites
799 2039 879 2092 nostri
900 2038 998 2091 clamo-

70 2125 128 2166 rem
146 2110 295 2162 exaudiunt
303 2111 320 2178 5⁷
337 2118 510 2178 praecurrunt
530 2110 642 2178 aquilea,
656 2118 755 2176 quanto
774 2127 816 2161 res
834 2110 868 2161 sit
886 2109 913 2160 in
931 2108 998 2178 peri·

71 2179 138 2249 culo,
152 2187 325 2247 cognoscunt.
362 2178 412 2230 Hic
424 2194 487 2229 vero
505 2178 579 2229 nulla
597 2179 708 2230 munitio
727 2187 776 2245 est,
790 2194 860 2246 quae
878 2178 998 2246 perterri-

71 2256 112 2302 tos
123 2249 249 2319 recipiat:
271 2247 349 2301 modo
361 2247 503 2316 conscripti
516 2255 597 2315 atque
610 2263 676 2298 usus
688 2245 811 2298 militaris
830 2247 945 2315 imperiti
963 2246 998 2299 ad

100 2441 108 2468 ¹
120 2438 295 2498 Commodi,
312 2441 350 2483 ‘to
362 2434 443 2482 crowd
454 2433 562 2481 emund!

100 2512 257 2572 ’Religiorres
270 2525 309 2556 are
321 2509 384 2556 seara
396 2507 443 2554 and
454 2504 644 2564 apprehensione
656 2504 746 2564 arising
757 2513 798 2551 out
815 2504 843 2552 ol
854 2520 869 2551 a
884 2504 998 2564 religioni

74 2587 98 2621 or
108 2570 280 2630 superstitious
291 2568 388 2627 feeling.
417 2566 500 2613 These
510 2564 612 2623 feelings
622 2580 686 2610 were
697 2563 785 2611 roused
794 2564 819 2611 in
830 2563 879 2611 this
890 2565 999 2611 instance

74 2633 106 2737 bp
114 2631 155 2679 the
165 2629 323 2678 recollection
333 2628 386 2675 that
397 2627 472 2674 Cotta
482 2624 528 2673 and
539 2624 650 2671 Titurius
662 2623 709 2671 had
719 2623 832 2683 perished
844 2624 869 2671 in
880 2623 920 2671 the
932 2638 999 2671 same

98 2706 112 2738 a

73 2704 88 2750 p
113 2706 149 2738 ce.

102 2765 161 2812 ’Aa
176 2765 234 2812 here
250 2763 295 2812 has
311 2762 352 2811 the
364 2761 477 2822 meaning
488 2759 516 2808 of
527 2761 600 2822 apud,
614 2775 640 2808 as
656 2759 681 2807 in
697 2758 729 2808 iii.
742 2763 770 2808 9:
787 2777 870 2808 nomeu
881 2762 912 2808 orl
922 2776 1000 2808 oniaco

72 2827 181 2874 notiones
193 2833 309 2872 soractem.

103 2901 112 2929 ⁴
122 2898 169 2946 See
180 2898 205 2944 ii.
217 2900 254 2943 24.

104 2975 248 3034 ⁶Relinqrrit
265 2975 373 3027 errimus;
392 2971 443 3018 that
461 2970 490 3025 is,
507 2969 552 3016 ‘he
569 2969 666 3026 saints3’
684 2970 825 3017 ieronimus
842 2969 863 3016 is
879 2967 999 3027 strength,

76 3049 176 3094 enemy,
190 3034 300 3080 whereas
312 3033 391 3080 anima
403 3031 423 3078 is
435 3029 529 3084 breath‚
544 3028 593 3084 life,
607 3044 633 3076 or
645 3028 706 3076 soul.

105 3112 228 3173 ‘Speciem
240 3111 333 3172 praelier
339 3127 358 3165 e,
375 3115 413 3156 ‘to
425 3116 522 3167 present
534 3106 576 3152 the
588 3104 697 3153 outward
708 3105 873 3164 appearance!

107 3186 260 3241 'Euandria
274 3189 315 3231 ‘to
326 3182 384 3230 hear
394 3181 456 3229 from
468 3196 482 3229 a
493 3179 619 3229 distance!
