<?xml version="1.0" encoding="UTF-8"?>
<!DOCTYPE html PUBLIC "-//W3C//DTD XHTML 1.0 Transitional//EN"
    "http://www.w3.org/TR/xhtml1/DTD/xhtml1-transitional.dtd">
<html xmlns="http://www.w3.org/1999/xhtml" xml:lang="en" lang="en">
 <head>
  <title>
</title>
<meta http-equiv="Content-Type" content="text/html;charset=utf-8" />
  <meta name='ocr-system' content='tesseract 3.04.00' />
  <meta name='ocr-capabilities' content='ocr_page ocr_carea ocr_par ocr_line ocrx_word'/>
</head>
<body>
  <div class='ocr_page' id='page_1' title='image "./cjuliicaesarisc02caesgoog_0047.png"; bbox 0 0 2146 3704; ppageno 0'>
   <div class='ocr_carea' id='block_1_1' title="bbox 101 222 721 284">
    <p class='ocr_par' dir='ltr' id='par_1_1' title="bbox 101 222 721 284">
     <span class='ocr_line' id='line_1_1' title="bbox 101 222 721 284; baseline 0.002 -1"><span class='ocrx_word' id='word_1_1' title='bbox 101 222 142 283; x_wconf 53' lang='grc' dir='ltr'>ὃ</span> <span class='ocrx_word' id='word_1_2' title='bbox 172 223 175 229; x_wconf 72' lang='grc'><strong><em>’</em></strong></span> <span class='ocrx_word' id='word_1_3' title='bbox 404 243 446 282; x_wconf 85' lang='lat' dir='ltr'>na</span> <span class='ocrx_word' id='word_1_4' title='bbox 467 242 563 283; x_wconf 79' lang='lat' dir='ltr'>nauco</span> <span class='ocrx_word' id='word_1_5' title='bbox 584 241 721 284; x_wconf 73' lang='lat' dir='ltr'>eunuco.</span> 
     </span>
    </p>
   </div>
   <div class='ocr_carea' id='block_1_2' title="bbox 102 345 1021 428">
    <p class='ocr_par' dir='ltr' id='par_1_2' title="bbox 102 345 1021 428">
     <span class='ocr_line' id='line_1_2' title="bbox 102 345 1021 428; baseline 0.001 -26"><span class='ocrx_word' id='word_1_6' title='bbox 102 349 134 402; x_wconf 89' lang='lat' dir='ltr'>tis</span> <span class='ocrx_word' id='word_1_7' title='bbox 153 349 238 419; x_wconf 89' lang='lat' dir='ltr'>equis,</span> <span class='ocrx_word' id='word_1_8' title='bbox 257 358 287 402; x_wconf 91' lang='lat' dir='ltr'>ut</span> <span class='ocrx_word' id='word_1_9' title='bbox 305 358 420 419; x_wconf 87' lang='lat' dir='ltr'>aequato</span> <span class='ocrx_word' id='word_1_10' title='bbox 438 351 558 404; x_wconf 90' lang='lat' dir='ltr'>omnium</span> <span class='ocrx_word' id='word_1_11' title='bbox 578 349 694 418; x_wconf 87' lang='lat' dir='ltr'>periculo</span> <span class='ocrx_word' id='word_1_12' title='bbox 714 367 790 417; x_wconf 89' lang='lat' dir='ltr'>spem</span> <span class='ocrx_word' id='word_1_13' title='bbox 809 347 890 415; x_wconf 86' lang='lat' dir='ltr'>fugae</span> <span class='ocrx_word' id='word_1_14' title='bbox 911 345 1021 428; x_wconf 80' lang='lat' dir='ltr'>tolleret,</span> 
     </span>
    </p>
   </div>
   <div class='ocr_carea' id='block_1_3' title="bbox 44 417 1041 2629">
    <p class='ocr_par' dir='ltr' id='par_1_3' title="bbox 44 417 1023 1648">
     <span class='ocr_line' id='line_1_3' title="bbox 101 417 1021 490; baseline 0 -20"><span class='ocrx_word' id='word_1_15' title='bbox 101 418 253 472; x_wconf 76' lang='lat' dir='ltr'><strong>cohortatus</strong></span> <span class='ocrx_word' id='word_1_16' title='bbox 264 435 327 472; x_wconf 89' lang='lat' dir='ltr'>suos</span> <span class='ocrx_word' id='word_1_17' title='bbox 344 420 475 490; x_wconf 90' lang='lat' dir='ltr'>proelium</span> <span class='ocrx_word' id='word_1_18' title='bbox 493 420 635 472; x_wconf 85' lang='lat' dir='ltr'><strong>commisit.</strong></span> <span class='ocrx_word' id='word_1_19' title='bbox 672 418 775 470; x_wconf 75' lang='lat' dir='ltr'>Milites</span> <span class='ocrx_word' id='word_1_20' title='bbox 787 435 802 469; x_wconf 88' lang='lat' dir='ltr'>e</span> <span class='ocrx_word' id='word_1_21' title='bbox 815 417 873 470; x_wconf 93' lang='lat' dir='ltr'>loco</span> <span class='ocrx_word' id='word_1_22' title='bbox 885 434 1021 484; x_wconf 77' lang='lat' dir='ltr'>superiore</span> 
     </span>
     <span class='ocr_line' id='line_1_4' title="bbox 100 486 1022 608; baseline 0.003 -70"><span class='ocrx_word' id='word_1_23' title='bbox 100 487 163 565; x_wconf 92' lang='lat' dir='ltr'>pilis</span> <span class='ocrx_word' id='word_1_24' title='bbox 179 489 269 541; x_wconf 88' lang='lat' dir='ltr'>nrissis</span> <span class='ocrx_word' id='word_1_25' title='bbox 283 488 362 541; x_wconf 82' lang='lat' dir='ltr'>facile</span> <span class='ocrx_word' id='word_1_26' title='bbox 381 488 496 542; x_wconf 91' lang='lat' dir='ltr'>hostium</span> <span class='ocrx_word' id='word_1_27' title='bbox 509 488 669 557; x_wconf 89' lang='lat' dir='ltr'>phalangem</span> <span class='ocrx_word' id='word_1_28' title='bbox 674 487 873 608; x_wconf 78' lang='lat' dir='ltr'>perfregerunt.</span> <span class='ocrx_word' id='word_1_29' title='bbox 910 486 951 538; x_wconf 84' lang='lat' dir='ltr'>Ea</span> <span class='ocrx_word' id='word_1_30' title='bbox 968 487 1022 542; x_wconf 91' lang='lat' dir='ltr'>dis·</span> 
     </span>
     <span class='ocr_line' id='line_1_5' title="bbox 104 554 1023 626; baseline 0.002 -18"><span class='ocrx_word' id='word_1_31' title='bbox 104 565 176 625; x_wconf 84' lang='lat' dir='ltr'>Jecta</span> <span class='ocrx_word' id='word_1_32' title='bbox 187 558 283 626; x_wconf 82' lang='lat' dir='ltr'>gladiis</span> <span class='ocrx_word' id='word_1_33' title='bbox 294 558 428 611; x_wconf 79' lang='lat' dir='ltr'>destrictis</span> <span class='ocrx_word' id='word_1_34' title='bbox 437 559 464 611; x_wconf 91' lang='lat' dir='ltr'>in</span> <span class='ocrx_word' id='word_1_35' title='bbox 476 575 523 610; x_wconf 89' lang='lat' dir='ltr'>eos</span> <span class='ocrx_word' id='word_1_36' title='bbox 532 559 661 626; x_wconf 90' lang='lat' dir='ltr'>impetum</span> <span class='ocrx_word' id='word_1_37' title='bbox 686 565 803 608; x_wconf 90' lang='lat' dir='ltr'>ecerunt.</span> <span class='ocrx_word' id='word_1_38' title='bbox 827 554 913 607; x_wconf 88' lang='lat' dir='ltr'>Gallis</span> <span class='ocrx_word' id='word_1_39' title='bbox 925 572 1023 623; x_wconf 87' lang='lat' dir='ltr'>magno</span> 
     </span>
     <span class='ocr_line' id='line_1_6' title="bbox 54 625 1022 697; baseline 0.002 -20"><span class='ocrx_word' id='word_1_40' title='bbox 54 686 57 690; x_wconf 93' lang='lat'>.</span> <span class='ocrx_word' id='word_1_41' title='bbox 100 627 135 678; x_wconf 86' lang='lat' dir='ltr'>ad</span> <span class='ocrx_word' id='word_1_42' title='bbox 155 644 274 695; x_wconf 90' lang='lat' dir='ltr'>pugnam</span> <span class='ocrx_word' id='word_1_43' title='bbox 297 636 353 680; x_wconf 89' lang='lat' dir='ltr'>erat</span> <span class='ocrx_word' id='word_1_44' title='bbox 372 627 572 697; x_wconf 89' lang='lat' dir='ltr'>impedimento,</span> <span class='ocrx_word' id='word_1_45' title='bbox 594 626 665 694; x_wconf 91' lang='lat' dir='ltr'>quod</span> <span class='ocrx_word' id='word_1_46' title='bbox 686 625 806 694; x_wconf 89' lang='lat' dir='ltr'>pluribus</span> <span class='ocrx_word' id='word_1_47' title='bbox 826 641 919 676; x_wconf 90' lang='lat' dir='ltr'>eorum</span> <span class='ocrx_word' id='word_1_48' title='bbox 940 625 1022 679; x_wconf 86' lang='lat' dir='ltr'>scutis</span> 
     </span>
     <span class='ocr_line' id='line_1_7' title="bbox 102 693 1022 767; baseline 0 -20"><span class='ocrx_word' id='word_1_49' title='bbox 102 711 154 747; x_wconf 91' lang='lat' dir='ltr'>uno</span> <span class='ocrx_word' id='word_1_50' title='bbox 171 697 227 749; x_wconf 90' lang='lat' dir='ltr'>ictu</span> <span class='ocrx_word' id='word_1_51' title='bbox 243 696 356 767; x_wconf 90' lang='lat' dir='ltr'>pilorum</span> <span class='ocrx_word' id='word_1_52' title='bbox 377 697 510 750; x_wconf 87' lang='lat' dir='ltr'>transfixis</span> <span class='ocrx_word' id='word_1_53' title='bbox 530 706 557 750; x_wconf 92' lang='lat' dir='ltr'>et</span> <span class='ocrx_word' id='word_1_54' title='bbox 576 696 711 764; x_wconf 86' lang='lat' dir='ltr'>colligatis,</span> <span class='ocrx_word' id='word_1_55' title='bbox 729 711 792 747; x_wconf 92' lang='lat' dir='ltr'>cum</span> <span class='ocrx_word' id='word_1_56' title='bbox 812 693 913 746; x_wconf 82' lang='lat' dir='ltr'>sermm</span> <span class='ocrx_word' id='word_1_57' title='bbox 934 711 963 746; x_wconf 90' lang='lat' dir='ltr'>se</span> <span class='ocrx_word' id='word_1_58' title='bbox 984 695 1022 747; x_wconf 88' lang='lat' dir='ltr'>in·</span> 
     </span>
     <span class='ocr_line' id='line_1_8' title="bbox 100 762 1022 835; baseline 0.002 -19"><span class='ocrx_word' id='word_1_59' title='bbox 100 764 227 835; x_wconf 79' lang='lat' dir='ltr'>flexisset,</span> <span class='ocrx_word' id='word_1_60' title='bbox 237 782 325 833; x_wconf 90' lang='lat' dir='ltr'>neque</span> <span class='ocrx_word' id='word_1_61' title='bbox 335 765 451 818; x_wconf 84' lang='lat' dir='ltr'>evellere</span> <span class='ocrx_word' id='word_1_62' title='bbox 460 782 548 834; x_wconf 90' lang='lat' dir='ltr'>neque</span> <span class='ocrx_word' id='word_1_63' title='bbox 557 764 798 832; x_wconf 89' lang='lat' dir='ltr'>sinistraimpedita</span> <span class='ocrx_word' id='word_1_64' title='bbox 807 762 1022 818; x_wconf 86' lang='lat' dir='ltr'>satiscommodc</span> 
     </span>
     <span class='ocr_line' id='line_1_9' title="bbox 99 832 1021 904; baseline 0 -18"><span class='ocrx_word' id='word_1_65' title='bbox 99 849 218 903; x_wconf 85' lang='lat' dir='ltr'>pugnare</span> <span class='ocrx_word' id='word_1_66' title='bbox 236 842 371 904; x_wconf 85' lang='lat' dir='ltr'>poterant;</span> <span class='ocrx_word' id='word_1_67' title='bbox 389 834 467 887; x_wconf 90' lang='lat' dir='ltr'>multi</span> <span class='ocrx_word' id='word_1_68' title='bbox 483 844 513 888; x_wconf 88' lang='lat' dir='ltr'>ut</span> <span class='ocrx_word' id='word_1_69' title='bbox 531 834 577 886; x_wconf 92' lang='lat' dir='ltr'>diu</span> <span class='ocrx_word' id='word_1_70' title='bbox 593 833 692 903; x_wconf 85' lang='lat' dir='ltr'>jactato</span> <span class='ocrx_word' id='word_1_71' title='bbox 711 832 817 886; x_wconf 87' lang='lat' dir='ltr'>brachio</span> <span class='ocrx_word' id='word_1_72' title='bbox 835 840 1021 901; x_wconf 88' lang='lat' dir='ltr'>praeoptarent</span> 
     </span>
     <span class='ocr_line' id='line_1_10' title="bbox 101 900 1021 971; baseline 0.001 -17"><span class='ocrx_word' id='word_1_73' title='bbox 101 911 209 956; x_wconf 89' lang='lat' dir='ltr'>scutum</span> <span class='ocrx_word' id='word_1_74' title='bbox 227 919 309 956; x_wconf 91' lang='lat' dir='ltr'>manu</span> <span class='ocrx_word' id='word_1_75' title='bbox 328 904 452 956; x_wconf 81' lang='lat' dir='ltr'><strong>emittere</strong></span> <span class='ocrx_word' id='word_1_76' title='bbox 472 912 499 956; x_wconf 92' lang='lat' dir='ltr'>et</span> <span class='ocrx_word' id='word_1_77' title='bbox 518 903 589 956; x_wconf 93' lang='lat' dir='ltr'>nudo</span> <span class='ocrx_word' id='word_1_78' title='bbox 607 919 715 971; x_wconf 89' lang='lat' dir='ltr'>corpore</span> <span class='ocrx_word' id='word_1_79' title='bbox 732 918 860 971; x_wconf 87' lang='lat' dir='ltr'>pugnare.</span> <span class='ocrx_word' id='word_1_80' title='bbox 896 900 1021 955; x_wconf 85' lang='lat' dir='ltr'><strong>Tandem</strong></span> 
     </span>
     <span class='ocr_line' id='line_1_11' title="bbox 99 969 1021 1042; baseline 0 -18"><span class='ocrx_word' id='word_1_81' title='bbox 99 971 255 1025; x_wconf 82' lang='lat' dir='ltr'>vulneribus</span> <span class='ocrx_word' id='word_1_82' title='bbox 272 971 372 1024; x_wconf 80' lang='lat' dir='ltr'>defessi</span> <span class='ocrx_word' id='word_1_83' title='bbox 390 981 417 1024; x_wconf 89' lang='lat' dir='ltr'>et</span> <span class='ocrx_word' id='word_1_84' title='bbox 434 972 533 1042; x_wconf 91' lang='lat' dir='ltr'>pedem</span> <span class='ocrx_word' id='word_1_85' title='bbox 551 972 648 1040; x_wconf 80' lang='lat' dir='ltr'>referre</span> <span class='ocrx_word' id='word_1_86' title='bbox 666 980 701 1040; x_wconf 90' lang='lat' dir='ltr'>et,</span> <span class='ocrx_word' id='word_1_87' title='bbox 720 971 791 1040; x_wconf 93' lang='lat' dir='ltr'>quod</span> <span class='ocrx_word' id='word_1_88' title='bbox 808 988 886 1024; x_wconf 92' lang='lat' dir='ltr'>mons</span> <span class='ocrx_word' id='word_1_89' title='bbox 904 969 1021 1024; x_wconf 69' lang='lat' dir='ltr'>suberat</span> 
     </span>
     <span class='ocr_line' id='line_1_12' title="bbox 99 1039 1021 1110; baseline 0.002 -18"><span class='ocrx_word' id='word_1_90' title='bbox 99 1039 204 1092; x_wconf 86' lang='lat' dir='ltr'>circiter</span> <span class='ocrx_word' id='word_1_91' title='bbox 214 1041 291 1093; x_wconf 90' lang='lat' dir='ltr'>mille</span> <span class='ocrx_word' id='word_1_92' title='bbox 304 1058 439 1110; x_wconf 78' lang='lat' dir='ltr'>passuum,</span> <span class='ocrx_word' id='word_1_93' title='bbox 450 1057 483 1093; x_wconf 93' lang='lat' dir='ltr'>eo</span> <span class='ocrx_word' id='word_1_94' title='bbox 492 1058 521 1094; x_wconf 90' lang='lat' dir='ltr'>se</span> <span class='ocrx_word' id='word_1_95' title='bbox 529 1041 649 1109; x_wconf 88' lang='lat' dir='ltr'>recipere</span> <span class='ocrx_word' id='word_1_96' title='bbox 658 1051 811 1109; x_wconf 89' lang='lat' dir='ltr'>coepemnt.</span> <span class='ocrx_word' id='word_1_97' title='bbox 834 1041 917 1108; x_wconf 88' lang='lat' dir='ltr'>Capto</span> <span class='ocrx_word' id='word_1_98' title='bbox 930 1049 1021 1094; x_wconf 84' lang='lat' dir='ltr'>monto</span> 
     </span>
     <span class='ocr_line' id='line_1_13' title="bbox 100 1109 1022 1179; baseline 0.001 -18"><span class='ocrx_word' id='word_1_99' title='bbox 100 1117 128 1161; x_wconf 91' lang='lat' dir='ltr'>et</span> <span class='ocrx_word' id='word_1_100' title='bbox 140 1109 346 1163; x_wconf 89' lang='lat' dir='ltr'>succedentibus</span> <span class='ocrx_word' id='word_1_101' title='bbox 360 1111 454 1163; x_wconf 90' lang='lat' dir='ltr'>nostris</span> <span class='ocrx_word' id='word_1_102' title='bbox 465 1110 522 1162; x_wconf 92' lang='lat' dir='ltr'>Boii</span> <span class='ocrx_word' id='word_1_103' title='bbox 534 1120 561 1163; x_wconf 89' lang='lat' dir='ltr'>et</span> <span class='ocrx_word' id='word_1_104' title='bbox 573 1110 688 1179; x_wconf 78' lang='lat' dir='ltr'>Tulingi,</span> <span class='ocrx_word' id='word_1_105' title='bbox 702 1110 748 1178; x_wconf 94' lang='lat' dir='ltr'>qui</span> <span class='ocrx_word' id='word_1_106' title='bbox 760 1109 900 1162; x_wconf 91' lang='lat' dir='ltr'>hominum</span> <span class='ocrx_word' id='word_1_107' title='bbox 912 1109 1022 1162; x_wconf 90' lang='lat' dir='ltr'>milibus</span> 
     </span>
     <span class='ocr_line' id='line_1_14' title="bbox 99 1177 1021 1247; baseline 0 -17"><span class='ocrx_word' id='word_1_108' title='bbox 99 1178 204 1232; x_wconf 81' lang='lat' dir='ltr'>circiter</span> <span class='ocrx_word' id='word_1_109' title='bbox 214 1196 261 1232; x_wconf 83' lang='lat' dir='ltr'>xv.</span> <span class='ocrx_word' id='word_1_110' title='bbox 273 1196 371 1247; x_wconf 86' lang='lat' dir='ltr'>agmen</span> <span class='ocrx_word' id='word_1_111' title='bbox 383 1179 500 1233; x_wconf 91' lang='lat' dir='ltr'>hostium</span> <span class='ocrx_word' id='word_1_112' title='bbox 512 1178 673 1232; x_wconf 84' lang='lat' dir='ltr'>claudebant</span> <span class='ocrx_word' id='word_1_113' title='bbox 685 1189 712 1230; x_wconf 89' lang='lat' dir='ltr'>et</span> <span class='ocrx_word' id='word_1_114' title='bbox 724 1179 876 1231; x_wconf 86' lang='lat' dir='ltr'>novissimis</span> <span class='ocrx_word' id='word_1_115' title='bbox 888 1177 1021 1247; x_wconf 86' lang='lat' dir='ltr'>praesidio</span> 
     </span>
     <span class='ocr_line' id='line_1_15' title="bbox 96 1247 1020 1317; baseline 0 -17"><span class='ocrx_word' id='word_1_116' title='bbox 96 1256 180 1316; x_wconf 82' lang='lat' dir='ltr'>crant,</span> <span class='ocrx_word' id='word_1_117' title='bbox 194 1265 229 1302; x_wconf 84' lang='lat' dir='ltr'>ex</span> <span class='ocrx_word' id='word_1_118' title='bbox 239 1248 333 1300; x_wconf 87' lang='lat' dir='ltr'>itinere</span> <span class='ocrx_word' id='word_1_119' title='bbox 345 1257 446 1301; x_wconf 90' lang='lat' dir='ltr'>nostros</span> <span class='ocrx_word' id='word_1_120' title='bbox 461 1249 544 1302; x_wconf 88' lang='lat' dir='ltr'>latere</span> <span class='ocrx_word' id='word_1_121' title='bbox 562 1256 654 1317; x_wconf 88' lang='lat' dir='ltr'>aperto</span> <span class='ocrx_word' id='word_1_122' title='bbox 672 1247 791 1315; x_wconf 82' lang='lat' dir='ltr'>adgressi</span> <span class='ocrx_word' id='word_1_123' title='bbox 810 1248 1020 1317; x_wconf 89' lang='lat' dir='ltr'>circumvenere,</span> 
     </span>
     <span class='ocr_line' id='line_1_16' title="bbox 44 1316 1020 1396; baseline 0.001 -28"><span class='ocrx_word' id='word_1_124' title='bbox 44 1347 50 1360; x_wconf 51' lang='lat' dir='ltr'>x</span> <span class='ocrx_word' id='word_1_125' title='bbox 99 1324 127 1368; x_wconf 87' lang='lat' dir='ltr'>et</span> <span class='ocrx_word' id='word_1_126' title='bbox 150 1316 177 1369; x_wconf 92' lang='lat' dir='ltr'>id</span> <span class='ocrx_word' id='word_1_127' title='bbox 198 1317 342 1385; x_wconf 89' lang='lat' dir='ltr'>conspicati</span> <span class='ocrx_word' id='word_1_128' title='bbox 362 1318 488 1387; x_wconf 86' lang='lat' dir='ltr'>Helvetii,</span> <span class='ocrx_word' id='word_1_129' title='bbox 508 1318 554 1386; x_wconf 93' lang='lat' dir='ltr'>qui</span> <span class='ocrx_word' id='word_1_130' title='bbox 579 1319 606 1369; x_wconf 91' lang='lat' dir='ltr'>in</span> <span class='ocrx_word' id='word_1_131' title='bbox 629 1325 748 1370; x_wconf 90' lang='lat' dir='ltr'>montem</span> <span class='ocrx_word' id='word_1_132' title='bbox 772 1328 832 1369; x_wconf 85' lang='lat' dir='ltr'>sess</span> <span class='ocrx_word' id='word_1_133' title='bbox 857 1325 1020 1396; x_wconf 81' lang='lat' dir='ltr'>receperant,</span> 
     </span>
     <span class='ocr_line' id='line_1_17' title="bbox 99 1386 1021 1456; baseline 0.001 -19"><span class='ocrx_word' id='word_1_134' title='bbox 99 1401 190 1438; x_wconf 87' lang='lat' dir='ltr'>rursus</span> <span class='ocrx_word' id='word_1_135' title='bbox 208 1387 306 1439; x_wconf 88' lang='lat' dir='ltr'>instare</span> <span class='ocrx_word' id='word_1_136' title='bbox 324 1396 351 1439; x_wconf 92' lang='lat' dir='ltr'>et</span> <span class='ocrx_word' id='word_1_137' title='bbox 371 1387 501 1456; x_wconf 92' lang='lat' dir='ltr'>proelium</span> <span class='ocrx_word' id='word_1_138' title='bbox 522 1386 700 1454; x_wconf 87' lang='lat' dir='ltr'>redintegrare</span> <span class='ocrx_word' id='word_1_139' title='bbox 720 1394 872 1456; x_wconf 88' lang='lat' dir='ltr'>coeperunt.</span> <span class='ocrx_word' id='word_1_140' title='bbox 888 1451 891 1455; x_wconf 12' lang='lat' dir='ltr'>g</span> <span class='ocrx_word' id='word_1_141' title='bbox 908 1387 1021 1438; x_wconf 81' lang='lat' dir='ltr'><strong>Romam</strong></span> 
     </span>
     <span class='ocr_line' id='line_1_18' title="bbox 99 1454 1019 1527; baseline 0 -21"><span class='ocrx_word' id='word_1_142' title='bbox 99 1470 228 1508; x_wconf 87' lang='lat' dir='ltr'>conversa</span> <span class='ocrx_word' id='word_1_143' title='bbox 245 1455 320 1522; x_wconf 88' lang='lat' dir='ltr'>signa</span> <span class='ocrx_word' id='word_1_144' title='bbox 338 1456 460 1527; x_wconf 88' lang='lat' dir='ltr'>bipartito</span> <span class='ocrx_word' id='word_1_145' title='bbox 477 1455 637 1524; x_wconf 71' lang='lat' dir='ltr'>intulerunt,</span> <span class='ocrx_word' id='word_1_146' title='bbox 655 1454 740 1524; x_wconf 89' lang='lat' dir='ltr'>prima</span> <span class='ocrx_word' id='word_1_147' title='bbox 758 1464 785 1507; x_wconf 91' lang='lat' dir='ltr'>et</span> <span class='ocrx_word' id='word_1_148' title='bbox 803 1454 922 1508; x_wconf 88' lang='lat' dir='ltr'>secunda</span> <span class='ocrx_word' id='word_1_149' title='bbox 939 1455 1019 1524; x_wconf 89' lang='lat' dir='ltr'>acies,</span> 
     </span>
     <span class='ocr_line' id='line_1_19' title="bbox 98 1525 1020 1595; baseline 0 -19"><span class='ocrx_word' id='word_1_150' title='bbox 98 1531 128 1576; x_wconf 91' lang='lat' dir='ltr'>ut</span> <span class='ocrx_word' id='word_1_151' title='bbox 148 1525 228 1578; x_wconf 88' lang='lat' dir='ltr'>victis</span> <span class='ocrx_word' id='word_1_152' title='bbox 248 1541 282 1577; x_wconf 88' lang='lat' dir='ltr'>ac</span> <span class='ocrx_word' id='word_1_153' title='bbox 302 1526 443 1579; x_wconf 87' lang='lat' dir='ltr'>summotis</span> <span class='ocrx_word' id='word_1_154' title='bbox 465 1526 608 1595; x_wconf 79' lang='lat' dir='ltr'>resisteret,</span> <span class='ocrx_word' id='word_1_155' title='bbox 630 1525 714 1594; x_wconf 91' lang='lat' dir='ltr'>tertia,</span> <span class='ocrx_word' id='word_1_156' title='bbox 734 1533 764 1576; x_wconf 91' lang='lat' dir='ltr'>ut</span> <span class='ocrx_word' id='word_1_157' title='bbox 783 1525 923 1577; x_wconf 85' lang='lat' dir='ltr'>venientes</span> <span class='ocrx_word' id='word_1_158' title='bbox 943 1525 1020 1577; x_wconf 88' lang='lat' dir='ltr'>susti-</span> 
     </span>
     <span class='ocr_line' id='line_1_20' title="bbox 98 1602 184 1648; baseline 0.035 -3"><span class='ocrx_word' id='word_1_159' title='bbox 98 1602 184 1648; x_wconf 86' lang='lat' dir='ltr'>neret.</span> 
     </span>
    </p>

    <p class='ocr_par' dir='ltr' id='par_1_4' title="bbox 94 1661 1041 2629">
     <span class='ocr_line' id='line_1_21' title="bbox 134 1661 1020 1732; baseline 0.001 -18"><span class='ocrx_word' id='word_1_160' title='bbox 134 1667 177 1715; x_wconf 79' lang='lat'>26.</span> <span class='ocrx_word' id='word_1_161' title='bbox 197 1663 238 1716; x_wconf 90' lang='lat' dir='ltr'>lta</span> <span class='ocrx_word' id='word_1_162' title='bbox 257 1663 367 1732; x_wconf 87' lang='lat' dir='ltr'>ancipiti</span> <span class='ocrx_word' id='word_1_163' title='bbox 387 1663 487 1732; x_wconf 90' lang='lat' dir='ltr'>proelio</span> <span class='ocrx_word' id='word_1_164' title='bbox 506 1663 552 1715; x_wconf 93' lang='lat' dir='ltr'>diu</span> <span class='ocrx_word' id='word_1_165' title='bbox 576 1671 657 1730; x_wconf 92' lang='lat' dir='ltr'>atque</span> <span class='ocrx_word' id='word_1_166' title='bbox 679 1661 776 1714; x_wconf 89' lang='lat' dir='ltr'>acriter</span> <span class='ocrx_word' id='word_1_167' title='bbox 798 1670 947 1732; x_wconf 85' lang='lat' dir='ltr'>pugnatum</span> <span class='ocrx_word' id='word_1_168' title='bbox 970 1669 1020 1715; x_wconf 85' lang='lat' dir='ltr'>est.</span> 
     </span>
     <span class='ocr_line' id='line_1_22' title="bbox 98 1729 1022 1800; baseline 0.003 -17"><span class='ocrx_word' id='word_1_169' title='bbox 98 1729 206 1784; x_wconf 90' lang='lat' dir='ltr'>Diutius</span> <span class='ocrx_word' id='word_1_170' title='bbox 222 1748 286 1785; x_wconf 91' lang='lat' dir='ltr'>cum</span> <span class='ocrx_word' id='word_1_171' title='bbox 305 1732 435 1798; x_wconf 78' lang='lat' dir='ltr'>sustinere</span> <span class='ocrx_word' id='word_1_172' title='bbox 453 1740 600 1785; x_wconf 90' lang='lat' dir='ltr'>nostrorum</span> <span class='ocrx_word' id='word_1_173' title='bbox 619 1732 735 1799; x_wconf 89' lang='lat' dir='ltr'>impetus</span> <span class='ocrx_word' id='word_1_174' title='bbox 753 1747 805 1783; x_wconf 94' lang='lat' dir='ltr'>non</span> <span class='ocrx_word' id='word_1_175' title='bbox 816 1739 931 1800; x_wconf 88' lang='lat' dir='ltr'>possent,</span> <span class='ocrx_word' id='word_1_176' title='bbox 945 1731 1022 1786; x_wconf 85' lang='lat' dir='ltr'>alteri</span> 
     </span>
     <span class='ocr_line' id='line_1_23' title="bbox 98 1800 1021 1871; baseline 0.001 -19"><span class='ocrx_word' id='word_1_177' title='bbox 98 1816 136 1870; x_wconf 87' lang='lat' dir='ltr'>se,</span> <span class='ocrx_word' id='word_1_178' title='bbox 147 1809 176 1854; x_wconf 89' lang='lat' dir='ltr'>ut</span> <span class='ocrx_word' id='word_1_179' title='bbox 184 1809 334 1871; x_wconf 85' lang='lat' dir='ltr'>coeperant,</span> <span class='ocrx_word' id='word_1_180' title='bbox 345 1801 371 1854; x_wconf 91' lang='lat' dir='ltr'>in</span> <span class='ocrx_word' id='word_1_181' title='bbox 383 1810 504 1854; x_wconf 85' lang='lat' dir='ltr'>montem</span> <span class='ocrx_word' id='word_1_182' title='bbox 517 1809 682 1870; x_wconf 87' lang='lat' dir='ltr'>receperunt,</span> <span class='ocrx_word' id='word_1_183' title='bbox 692 1800 768 1852; x_wconf 89' lang='lat' dir='ltr'>alteri</span> <span class='ocrx_word' id='word_1_184' title='bbox 777 1800 811 1852; x_wconf 89' lang='lat' dir='ltr'>ad</span> <span class='ocrx_word' id='word_1_185' title='bbox 825 1800 1021 1869; x_wconf 89' lang='lat' dir='ltr'>impedimenta</span> 
     </span>
     <span class='ocr_line' id='line_1_24' title="bbox 96 1868 1021 1939; baseline 0.001 -18"><span class='ocrx_word' id='word_1_186' title='bbox 96 1877 125 1921; x_wconf 88' lang='lat' dir='ltr'>et</span> <span class='ocrx_word' id='word_1_187' title='bbox 143 1886 231 1922; x_wconf 86' lang='lat' dir='ltr'>carros</span> <span class='ocrx_word' id='word_1_188' title='bbox 247 1886 310 1923; x_wconf 87' lang='lat' dir='ltr'>suos</span> <span class='ocrx_word' id='word_1_189' title='bbox 328 1887 358 1923; x_wconf 92' lang='lat' dir='ltr'>se</span> <span class='ocrx_word' id='word_1_190' title='bbox 377 1870 559 1924; x_wconf 89' lang='lat' dir='ltr'>contulerunt:</span> <span class='ocrx_word' id='word_1_191' title='bbox 579 1887 641 1922; x_wconf 89' lang='lat' dir='ltr'>nam</span> <span class='ocrx_word' id='word_1_192' title='bbox 654 1869 705 1922; x_wconf 89' lang='lat' dir='ltr'>hoc</span> <span class='ocrx_word' id='word_1_193' title='bbox 718 1878 770 1922; x_wconf 84' lang='lat' dir='ltr'>toto</span> <span class='ocrx_word' id='word_1_194' title='bbox 788 1868 895 1939; x_wconf 85' lang='lat' dir='ltr'>proelio,</span> <span class='ocrx_word' id='word_1_195' title='bbox 908 1886 972 1922; x_wconf 89' lang='lat' dir='ltr'>cum</span> <span class='ocrx_word' id='word_1_196' title='bbox 983 1869 1021 1922; x_wconf 89' lang='lat' dir='ltr'>ab</span> 
     </span>
     <span class='ocr_line' id='line_1_25' title="bbox 97 1935 1020 2008; baseline 0.002 -18"><span class='ocrx_word' id='word_1_197' title='bbox 97 1935 162 1990; x_wconf 89' lang='lat' dir='ltr'>hora</span> <span class='ocrx_word' id='word_1_198' title='bbox 185 1938 299 2008; x_wconf 89' lang='lat' dir='ltr'>septima</span> <span class='ocrx_word' id='word_1_199' title='bbox 318 1938 352 1990; x_wconf 92' lang='lat' dir='ltr'>ad</span> <span class='ocrx_word' id='word_1_200' title='bbox 371 1956 515 2007; x_wconf 84' lang='lat' dir='ltr'>vesperum</span> <span class='ocrx_word' id='word_1_201' title='bbox 533 1947 682 2008; x_wconf 89' lang='lat' dir='ltr'>pugnaturn</span> <span class='ocrx_word' id='word_1_202' title='bbox 705 1940 747 2007; x_wconf 90' lang='lat' dir='ltr'>sit,</span> <span class='ocrx_word' id='word_1_203' title='bbox 769 1956 895 1991; x_wconf 89' lang='lat' dir='ltr'>aversum</span> <span class='ocrx_word' id='word_1_204' title='bbox 913 1937 1020 1992; x_wconf 86' lang='lat' dir='ltr'>hostem</span> 
     </span>
     <span class='ocr_line' id='line_1_26' title="bbox 97 2005 1021 2077; baseline 0.003 -19"><span class='ocrx_word' id='word_1_205' title='bbox 97 2005 188 2059; x_wconf 81' lang='lat' dir='ltr'>ridere</span> <span class='ocrx_word' id='word_1_206' title='bbox 197 2024 276 2060; x_wconf 85' lang='lat' dir='ltr'>nemo</span> <span class='ocrx_word' id='word_1_207' title='bbox 288 2006 380 2076; x_wconf 88' lang='lat' dir='ltr'>potuit.</span> <span class='ocrx_word' id='word_1_208' title='bbox 400 2008 443 2060; x_wconf 86' lang='lat' dir='ltr'>Ad</span> <span class='ocrx_word' id='word_1_209' title='bbox 453 2008 565 2061; x_wconf 89' lang='lat' dir='ltr'>multam</span> <span class='ocrx_word' id='word_1_210' title='bbox 575 2017 682 2061; x_wconf 86' lang='lat' dir='ltr'>noctem</span> <span class='ocrx_word' id='word_1_211' title='bbox 690 2009 773 2066; x_wconf 80' lang='lat' dir='ltr'>etiam</span> <span class='ocrx_word' id='word_1_212' title='bbox 781 2007 814 2059; x_wconf 93' lang='lat' dir='ltr'>ad</span> <span class='ocrx_word' id='word_1_213' title='bbox 825 2008 1021 2077; x_wconf 86' lang='lat' dir='ltr'>impedimenta</span> 
     </span>
     <span class='ocr_line' id='line_1_27' title="bbox 97 2076 1020 2196; baseline 0.001 -68"><span class='ocrx_word' id='word_1_214' title='bbox 97 2077 245 2196; x_wconf 82' lang='lat' dir='ltr'>pugnatum</span> <span class='ocrx_word' id='word_1_215' title='bbox 258 2084 306 2145; x_wconf 89' lang='lat' dir='ltr'>est,</span> <span class='ocrx_word' id='word_1_216' title='bbox 319 2084 458 2154; x_wconf 88' lang='lat' dir='ltr'>propterea</span> <span class='ocrx_word' id='word_1_217' title='bbox 476 2076 546 2146; x_wconf 92' lang='lat' dir='ltr'>quod</span> <span class='ocrx_word' id='word_1_218' title='bbox 559 2094 605 2147; x_wconf 89' lang='lat' dir='ltr'>pro</span> <span class='ocrx_word' id='word_1_219' title='bbox 617 2077 687 2129; x_wconf 81' lang='lat' dir='ltr'>vallo</span> <span class='ocrx_word' id='word_1_220' title='bbox 699 2093 787 2129; x_wconf 89' lang='lat' dir='ltr'>carros</span> <span class='ocrx_word' id='word_1_221' title='bbox 798 2077 951 2146; x_wconf 89' lang='lat' dir='ltr'>objecerant</span> <span class='ocrx_word' id='word_1_222' title='bbox 963 2085 991 2129; x_wconf 88' lang='lat' dir='ltr'>et</span> <span class='ocrx_word' id='word_1_223' title='bbox 1003 2094 1020 2130; x_wconf 90' lang='lat' dir='ltr'>e</span> 
     </span>
     <span class='ocr_line' id='line_1_28' title="bbox 107 2145 1019 2215; baseline 0.003 -19"><span class='ocrx_word' id='word_1_224' title='bbox 107 2161 155 2196; x_wconf 91' lang='lat' dir='ltr'>oco</span> <span class='ocrx_word' id='word_1_225' title='bbox 173 2145 307 2213; x_wconf 88' lang='lat' dir='ltr'>superiore</span> <span class='ocrx_word' id='word_1_226' title='bbox 326 2163 353 2197; x_wconf 90' lang='lat' dir='ltr'>ru</span> <span class='ocrx_word' id='word_1_227' title='bbox 371 2154 473 2197; x_wconf 87' lang='lat' dir='ltr'>nostros</span> <span class='ocrx_word' id='word_1_228' title='bbox 484 2146 622 2198; x_wconf 86' lang='lat' dir='ltr'>venientes</span> <span class='ocrx_word' id='word_1_229' title='bbox 640 2145 694 2197; x_wconf 87' lang='lat' dir='ltr'>tela</span> <span class='ocrx_word' id='word_1_230' title='bbox 713 2145 896 2215; x_wconf 84' lang='lat' dir='ltr'>conjiciebant,</span> <span class='ocrx_word' id='word_1_231' title='bbox 910 2153 937 2197; x_wconf 91' lang='lat' dir='ltr'>et</span> <span class='ocrx_word' id='word_1_232' title='bbox 955 2163 1019 2199; x_wconf 92' lang='lat' dir='ltr'>non·</span> 
     </span>
     <span class='ocr_line' id='line_1_29' title="bbox 97 2211 1041 2285; baseline 0.004 -19"><span class='ocrx_word' id='word_1_233' title='bbox 97 2211 163 2266; x_wconf 92' lang='lat' dir='ltr'>nulli</span> <span class='ocrx_word' id='word_1_234' title='bbox 181 2215 250 2267; x_wconf 90' lang='lat' dir='ltr'>inter</span> <span class='ocrx_word' id='word_1_235' title='bbox 267 2230 355 2266; x_wconf 89' lang='lat' dir='ltr'>carros</span> <span class='ocrx_word' id='word_1_236' title='bbox 372 2222 495 2284; x_wconf 87' lang='lat' dir='ltr'>rotasque</span> <span class='ocrx_word' id='word_1_237' title='bbox 514 2216 640 2267; x_wconf 73' lang='lat' dir='ltr'>mataras²</span> <span class='ocrx_word' id='word_1_238' title='bbox 656 2232 689 2266; x_wconf 90' lang='lat' dir='ltr'>ac</span> <span class='ocrx_word' id='word_1_239' title='bbox 707 2215 823 2283; x_wconf 84' lang='lat' dir='ltr'>tragulas</span> <span class='ocrx_word' id='word_1_240' title='bbox 841 2211 1041 2285; x_wconf 63' lang='lat' dir='ltr'>subjiciebant</span> 
     </span>
     <span class='ocr_line' id='line_1_30' title="bbox 96 2283 1019 2352; baseline 0.002 -18"><span class='ocrx_word' id='word_1_241' title='bbox 96 2291 252 2352; x_wconf 89' lang='lat' dir='ltr'>nostrosque</span> <span class='ocrx_word' id='word_1_242' title='bbox 269 2283 453 2336; x_wconf 85' lang='lat' dir='ltr'>vulnerabant.</span> <span class='ocrx_word' id='word_1_243' title='bbox 489 2284 540 2337; x_wconf 92' lang='lat' dir='ltr'>Diu</span> <span class='ocrx_word' id='word_1_244' title='bbox 559 2301 624 2337; x_wconf 88' lang='lat' dir='ltr'>curn</span> <span class='ocrx_word' id='word_1_245' title='bbox 641 2293 712 2336; x_wconf 89' lang='lat' dir='ltr'>esset</span> <span class='ocrx_word' id='word_1_246' title='bbox 730 2291 885 2352; x_wconf 87' lang='lat' dir='ltr'>pugnaturn,</span> <span class='ocrx_word' id='word_1_247' title='bbox 905 2284 1019 2352; x_wconf 90' lang='lat' dir='ltr'>impedi-</span> 
     </span>
     <span class='ocr_line' id='line_1_31' title="bbox 95 2353 1019 2422; baseline 0.001 -17"><span class='ocrx_word' id='word_1_248' title='bbox 95 2353 195 2405; x_wconf 85' lang='lat' dir='ltr'>mentis</span> <span class='ocrx_word' id='word_1_249' title='bbox 207 2353 354 2422; x_wconf 88' lang='lat' dir='ltr'>castrisque</span> <span class='ocrx_word' id='word_1_250' title='bbox 366 2353 447 2405; x_wconf 87' lang='lat' dir='ltr'>nostri</span> <span class='ocrx_word' id='word_1_251' title='bbox 458 2354 531 2422; x_wconf 89' lang='lat' dir='ltr'>potiti</span> <span class='ocrx_word' id='word_1_252' title='bbox 544 2361 614 2406; x_wconf 90' lang='lat' dir='ltr'>sunt.</span> <span class='ocrx_word' id='word_1_253' title='bbox 644 2353 685 2405; x_wconf 93' lang='lat' dir='ltr'>lbi</span> <span class='ocrx_word' id='word_1_254' title='bbox 698 2354 857 2420; x_wconf 85' lang='lat' dir='ltr'>Orgetorigis</span> <span class='ocrx_word' id='word_1_255' title='bbox 869 2353 925 2405; x_wconf 88' lang='lat' dir='ltr'>filia</span> <span class='ocrx_word' id='word_1_256' title='bbox 936 2362 1019 2422; x_wconf 89' lang='lat' dir='ltr'>atquc</span> 
     </span>
     <span class='ocr_line' id='line_1_32' title="bbox 96 2422 1020 2492; baseline 0 -18"><span class='ocrx_word' id='word_1_257' title='bbox 96 2437 166 2474; x_wconf 86' lang='lat' dir='ltr'>unus</span> <span class='ocrx_word' id='word_1_258' title='bbox 178 2438 193 2474; x_wconf 87' lang='lat' dir='ltr'>a</span> <span class='ocrx_word' id='word_1_259' title='bbox 205 2422 267 2474; x_wconf 90' lang='lat' dir='ltr'>filiis</span> <span class='ocrx_word' id='word_1_260' title='bbox 278 2430 373 2492; x_wconf 90' lang='lat' dir='ltr'>captus</span> <span class='ocrx_word' id='word_1_261' title='bbox 384 2430 434 2473; x_wconf 91' lang='lat' dir='ltr'>est.</span> <span class='ocrx_word' id='word_1_262' title='bbox 466 2422 507 2474; x_wconf 85' lang='lat' dir='ltr'>Ex</span> <span class='ocrx_word' id='word_1_263' title='bbox 519 2438 552 2474; x_wconf 91' lang='lat' dir='ltr'>eo</span> <span class='ocrx_word' id='word_1_264' title='bbox 563 2422 663 2492; x_wconf 92' lang='lat' dir='ltr'>proelio</span> <span class='ocrx_word' id='word_1_265' title='bbox 676 2423 779 2474; x_wconf 90' lang='lat' dir='ltr'>circiter</span> <span class='ocrx_word' id='word_1_266' title='bbox 791 2422 930 2475; x_wconf 86' lang='lat' dir='ltr'>hominum</span> <span class='ocrx_word' id='word_1_267' title='bbox 944 2423 1020 2475; x_wconf 90' lang='lat' dir='ltr'>milia</span> 
     </span>
     <span class='ocr_line' id='line_1_33' title="bbox 95 2491 1019 2560; baseline -0.001 -17"><span class='ocrx_word' id='word_1_268' title='bbox 95 2506 177 2544; x_wconf 72' lang='lat' dir='ltr'>cxxx·</span> <span class='ocrx_word' id='word_1_269' title='bbox 190 2491 377 2560; x_wconf 80' lang='lat' dir='ltr'>superfuerunt</span> <span class='ocrx_word' id='word_1_270' title='bbox 393 2507 479 2559; x_wconf 88' lang='lat' dir='ltr'>eaque</span> <span class='ocrx_word' id='word_1_271' title='bbox 495 2499 549 2544; x_wconf 90' lang='lat' dir='ltr'>tota</span> <span class='ocrx_word' id='word_1_272' title='bbox 567 2500 644 2544; x_wconf 90' lang='lat' dir='ltr'>nocte</span> <span class='ocrx_word' id='word_1_273' title='bbox 660 2491 826 2543; x_wconf 87' lang='lat' dir='ltr'>continenter</span> <span class='ocrx_word' id='word_1_274' title='bbox 839 2492 925 2544; x_wconf 89' lang='lat' dir='ltr'>ierunt</span> <span class='ocrx_word' id='word_1_275' title='bbox 935 2492 1019 2545; x_wconf 83' lang='lat' dir='ltr'>:nul-</span> 
     </span>
     <span class='ocr_line' id='line_1_34' title="bbox 94 2555 1018 2629; baseline 0 -17"><span class='ocrx_word' id='word_1_276' title='bbox 94 2555 151 2612; x_wconf 86' lang='lat' dir='ltr'>lam</span> <span class='ocrx_word' id='word_1_277' title='bbox 165 2568 269 2629; x_wconf 88' lang='lat' dir='ltr'>partem</span> <span class='ocrx_word' id='word_1_278' title='bbox 287 2561 372 2614; x_wconf 90' lang='lat' dir='ltr'>noctis</span> <span class='ocrx_word' id='word_1_279' title='bbox 388 2560 483 2613; x_wconf 88' lang='lat' dir='ltr'>itinere</span> <span class='ocrx_word' id='word_1_280' title='bbox 501 2561 651 2614; x_wconf 85' lang='lat' dir='ltr'>intermisso</span> <span class='ocrx_word' id='word_1_281' title='bbox 668 2560 695 2612; x_wconf 94' lang='lat' dir='ltr'>in</span> <span class='ocrx_word' id='word_1_282' title='bbox 713 2561 781 2613; x_wconf 91' lang='lat' dir='ltr'>fines</span> <span class='ocrx_word' id='word_1_283' title='bbox 797 2560 956 2628; x_wconf 86' lang='lat' dir='ltr'>Lingonum&#39;</span> <span class='ocrx_word' id='word_1_284' title='bbox 974 2561 1018 2613; x_wconf 89' lang='lat' dir='ltr'>dis</span> 
     </span>
    </p>
   </div>
   <div class='ocr_carea' id='block_1_4' title="bbox 94 2727 1018 2856">
    <p class='ocr_par' dir='ltr' id='par_1_5' title="bbox 94 2727 1018 2856">
     <span class='ocr_line' id='line_1_35' title="bbox 121 2727 1017 2794; baseline 0.004 -20"><span class='ocrx_word' id='word_1_285' title='bbox 121 2729 131 2794; x_wconf 70' lang='lat' dir='ltr'><em>J</em></span> <span class='ocrx_word' id='word_1_286' title='bbox 141 2727 250 2784; x_wconf 76' lang='lat' dir='ltr'>Suberat,</span> <span class='ocrx_word' id='word_1_287' title='bbox 266 2733 331 2776; x_wconf 84' lang='lat' dir='ltr'>‘was</span> <span class='ocrx_word' id='word_1_288' title='bbox 342 2745 400 2776; x_wconf 90' lang='lat' dir='ltr'>near</span> <span class='ocrx_word' id='word_1_289' title='bbox 408 2730 424 2787; x_wconf 85' lang='lat'>;’</span> <span class='ocrx_word' id='word_1_290' title='bbox 443 2729 484 2777; x_wconf 88' lang='lat' dir='ltr'>tha</span> <span class='ocrx_word' id='word_1_291' title='bbox 495 2729 604 2777; x_wconf 84' lang='lat' dir='ltr'>distance</span> <span class='ocrx_word' id='word_1_292' title='bbox 615 2731 727 2777; x_wconf 86' lang='lat' dir='ltr'>between</span> <span class='ocrx_word' id='word_1_293' title='bbox 738 2729 805 2777; x_wconf 86' lang='lat' dir='ltr'>thern</span> <span class='ocrx_word' id='word_1_294' title='bbox 817 2730 863 2777; x_wconf 90' lang='lat' dir='ltr'>and</span> <span class='ocrx_word' id='word_1_295' title='bbox 874 2730 916 2778; x_wconf 89' lang='lat' dir='ltr'>the</span> <span class='ocrx_word' id='word_1_296' title='bbox 932 2745 1017 2778; x_wconf 86' lang='lat' dir='ltr'>moun·</span> 
     </span>
     <span class='ocr_line' id='line_1_36' title="bbox 94 2788 1018 2856; baseline 0.005 -24"><span class='ocrx_word' id='word_1_297' title='bbox 94 2793 145 2832; x_wconf 91' lang='lat' dir='ltr'>tarn</span> <span class='ocrx_word' id='word_1_298' title='bbox 156 2801 206 2833; x_wconf 86' lang='lat' dir='ltr'>was</span> <span class='ocrx_word' id='word_1_299' title='bbox 218 2788 291 2834; x_wconf 87' lang='lat' dir='ltr'>about</span> <span class='ocrx_word' id='word_1_300' title='bbox 307 2802 353 2834; x_wconf 88' lang='lat' dir='ltr'>oue</span> <span class='ocrx_word' id='word_1_301' title='bbox 369 2788 489 2836; x_wconf 87' lang='lat' dir='ltr'>thousand</span> <span class='ocrx_word' id='word_1_302' title='bbox 505 2803 585 2846; x_wconf 88' lang='lat' dir='ltr'>paces.</span> <span class='ocrx_word' id='word_1_303' title='bbox 618 2788 673 2835; x_wconf 87' lang='lat' dir='ltr'>The</span> <span class='ocrx_word' id='word_1_304' title='bbox 689 2788 764 2848; x_wconf 84' lang='lat' dir='ltr'>genit.</span> <span class='ocrx_word' id='word_1_305' title='bbox 773 2805 894 2856; x_wconf 62' lang='lat' dir='ltr'>pascuam</span> <span class='ocrx_word' id='word_1_306' title='bbox 909 2788 1018 2847; x_wconf 72' lang='lat' dir='ltr'>depende</span> 
     </span>
    </p>
   </div>
   <div class='ocr_carea' id='block_1_5' title="bbox 93 2844 1019 2965">
    <p class='ocr_par' dir='ltr' id='par_1_6' title="bbox 93 2844 1019 2965">
     <span class='ocr_line' id='line_1_37' title="bbox 93 2844 1019 2950; baseline 0.004 -58"><span class='ocrx_word' id='word_1_307' title='bbox 93 2858 160 2950; x_wconf 82' lang='lat' dir='ltr'>upon</span> <span class='ocrx_word' id='word_1_308' title='bbox 166 2845 239 2913; x_wconf 74' lang='lat' dir='ltr'>milla,</span> <span class='ocrx_word' id='word_1_309' title='bbox 249 2844 332 2915; x_wconf 80' lang='lat' dir='ltr'>which</span> <span class='ocrx_word' id='word_1_310' title='bbox 341 2845 361 2893; x_wconf 86' lang='lat' dir='ltr'>is</span> <span class='ocrx_word' id='word_1_311' title='bbox 372 2846 514 2916; x_wconf 78' lang='lat' dir='ltr'>sometimes</span> <span class='ocrx_word' id='word_1_312' title='bbox 523 2845 584 2914; x_wconf 79' lang='lat' dir='ltr'>used</span> <span class='ocrx_word' id='word_1_313' title='bbox 595 2862 622 2894; x_wconf 83' lang='lat' dir='ltr'>as</span> <span class='ocrx_word' id='word_1_314' title='bbox 633 2863 648 2894; x_wconf 85' lang='lat' dir='ltr'>a</span> <span class='ocrx_word' id='word_1_315' title='bbox 657 2849 810 2895; x_wconf 77' lang='lat' dir='ltr'>substantive</span> <span class='ocrx_word' id='word_1_316' title='bbox 821 2863 846 2894; x_wconf 89' lang='lat' dir='ltr'><strong>m</strong></span> <span class='ocrx_word' id='word_1_317' title='bbox 856 2847 898 2894; x_wconf 88' lang='lat' dir='ltr'>the</span> <span class='ocrx_word' id='word_1_318' title='bbox 909 2848 1019 2908; x_wconf 84' lang='lat' dir='ltr'>singular</span> 
     </span>
     <span class='ocr_line' id='line_1_38' title="bbox 93 2902 579 2965; baseline 0.002 -15"><span class='ocrx_word' id='word_1_319' title='bbox 93 2918 154 2950; x_wconf 88' lang='lat' dir='ltr'>aso.</span> <span class='ocrx_word' id='word_1_320' title='bbox 186 2902 239 2950; x_wconf 74' lang='lat' dir='ltr'>Cre,</span> <span class='ocrx_word' id='word_1_321' title='bbox 252 2921 278 2964; x_wconf 84' lang='lat' dir='ltr'>p.</span> <span class='ocrx_word' id='word_1_322' title='bbox 290 2902 349 2951; x_wconf 71' lang='lat' dir='ltr'>Mil.</span> <span class='ocrx_word' id='word_1_323' title='bbox 360 2907 398 2960; x_wconf 68' lang='lat'>20,</span> <span class='ocrx_word' id='word_1_324' title='bbox 411 2903 501 2965; x_wconf 70' lang='lat' dir='ltr'>Philip.</span> <span class='ocrx_word' id='word_1_325' title='bbox 513 2920 545 2952; x_wconf 83' lang='lat' dir='ltr'>vi.</span> <span class='ocrx_word' id='word_1_326' title='bbox 557 2908 579 2951; x_wconf 83' lang='lat'>5.</span> 
     </span>
    </p>
   </div>
   <div class='ocr_carea' id='block_1_6' title="bbox 92 2974 1019 3156">
    <p class='ocr_par' dir='ltr' id='par_1_7' title="bbox 92 2974 1019 3156">
     <span class='ocr_line' id='line_1_39' title="bbox 121 2974 1019 3039; baseline 0.003 -16"><span class='ocrx_word' id='word_1_327' title='bbox 121 2974 250 3032; x_wconf 61' lang='lat' dir='ltr'>’Matura</span> <span class='ocrx_word' id='word_1_328' title='bbox 258 2991 294 3032; x_wconf 90' lang='lat' dir='ltr'>or,</span> <span class='ocrx_word' id='word_1_329' title='bbox 303 2991 330 3024; x_wconf 88' lang='lat' dir='ltr'>as</span> <span class='ocrx_word' id='word_1_330' title='bbox 341 2991 409 3024; x_wconf 89' lang='lat' dir='ltr'>some</span> <span class='ocrx_word' id='word_1_331' title='bbox 421 2976 482 3024; x_wconf 84' lang='lat' dir='ltr'>have</span> <span class='ocrx_word' id='word_1_332' title='bbox 492 2976 518 3032; x_wconf 89' lang='lat' dir='ltr'>it,</span> <span class='ocrx_word' id='word_1_333' title='bbox 527 2979 633 3034; x_wconf 75' lang='lat' dir='ltr'>materia,</span> <span class='ocrx_word' id='word_1_334' title='bbox 641 2976 662 3025; x_wconf 87' lang='lat' dir='ltr'>is</span> <span class='ocrx_word' id='word_1_335' title='bbox 670 2978 772 3026; x_wconf 88' lang='lat' dir='ltr'>aCeltic</span> <span class='ocrx_word' id='word_1_336' title='bbox 779 2979 854 3035; x_wconf 86' lang='lat' dir='ltr'>word,</span> <span class='ocrx_word' id='word_1_337' title='bbox 863 2978 1019 3039; x_wconf 81' lang='lat' dir='ltr'>signisyinga</span> 
     </span>
     <span class='ocr_line' id='line_1_40' title="bbox 92 3034 1019 3141; baseline 0.002 -57"><span class='ocrx_word' id='word_1_338' title='bbox 92 3035 188 3141; x_wconf 54' lang='lat' dir='ltr'>{crelin</span> <span class='ocrx_word' id='word_1_339' title='bbox 198 3051 225 3083; x_wconf 91' lang='lat' dir='ltr'>cr</span> <span class='ocrx_word' id='word_1_340' title='bbox 233 3034 309 3082; x_wconf 88' lang='lat' dir='ltr'>lance.</span> <span class='ocrx_word' id='word_1_341' title='bbox 337 3034 393 3082; x_wconf 89' lang='lat' dir='ltr'>The</span> <span class='ocrx_word' id='word_1_342' title='bbox 404 3038 502 3098; x_wconf 76' lang='lat' dir='ltr'>trogulo</span> <span class='ocrx_word' id='word_1_343' title='bbox 510 3051 561 3084; x_wconf 85' lang='lat' dir='ltr'>was</span> <span class='ocrx_word' id='word_1_344' title='bbox 572 3035 683 3084; x_wconf 83' lang='lat' dir='ltr'>likewise</span> <span class='ocrx_word' id='word_1_345' title='bbox 695 3053 709 3084; x_wconf 90' lang='lat' dir='ltr'>a</span> <span class='ocrx_word' id='word_1_346' title='bbox 719 3047 769 3085; x_wconf 92' lang='lat' dir='ltr'>sort</span> <span class='ocrx_word' id='word_1_347' title='bbox 778 3037 910 3106; x_wconf 78' lang='lat' dir='ltr'>osjavelin,</span> <span class='ocrx_word' id='word_1_348' title='bbox 921 3038 1019 3086; x_wconf 86' lang='lat' dir='ltr'>thrcwn</span> 
     </span>
     <span class='ocr_line' id='line_1_41' title="bbox 110 3092 1018 3156; baseline 0.003 -14"><span class='ocrx_word' id='word_1_349' title='bbox 110 3110 222 3154; x_wconf 86' lang='lat' dir='ltr'>ymeans</span> <span class='ocrx_word' id='word_1_350' title='bbox 238 3093 266 3142; x_wconf 84' lang='lat' dir='ltr'>of</span> <span class='ocrx_word' id='word_1_351' title='bbox 279 3109 293 3142; x_wconf 89' lang='lat' dir='ltr'>a</span> <span class='ocrx_word' id='word_1_352' title='bbox 308 3092 392 3155; x_wconf 87' lang='lat' dir='ltr'>thong.</span> <span class='ocrx_word' id='word_1_353' title='bbox 423 3093 446 3142; x_wconf 94' lang='lat' dir='ltr'>It</span> <span class='ocrx_word' id='word_1_354' title='bbox 463 3109 514 3142; x_wconf 83' lang='lat' dir='ltr'>was</span> <span class='ocrx_word' id='word_1_355' title='bbox 531 3094 592 3143; x_wconf 89' lang='lat' dir='ltr'>used</span> <span class='ocrx_word' id='word_1_356' title='bbox 608 3095 693 3156; x_wconf 86' lang='lat' dir='ltr'>hythe</span> <span class='ocrx_word' id='word_1_357' title='bbox 711 3095 851 3156; x_wconf 78' lang='lat' dir='ltr'>Spaniards,</span> <span class='ocrx_word' id='word_1_358' title='bbox 865 3095 952 3152; x_wconf 86' lang='lat' dir='ltr'>Gauls,</span> <span class='ocrx_word' id='word_1_359' title='bbox 970 3095 1018 3145; x_wconf 85' lang='lat' dir='ltr'>and</span> 
     </span>
    </p>
   </div>
   <div class='ocr_carea' id='block_1_7' title="bbox 33 3151 272 3210">
    <p class='ocr_par' dir='ltr' id='par_1_8' title="bbox 33 3151 272 3210">
     <span class='ocr_line' id='line_1_42' title="bbox 33 3151 272 3210; baseline 0.013 -11"><span class='ocrx_word' id='word_1_360' title='bbox 33 3152 41 3173; x_wconf 82' lang='lat'><strong><em>‘</em></strong></span> <span class='ocrx_word' id='word_1_361' title='bbox 92 3151 199 3202; x_wconf 85' lang='lat' dir='ltr'>Britons.</span> <span class='ocrx_word' id='word_1_362' title='bbox 269 3203 272 3210; x_wconf 24' lang='grc' dir='ltr'><strong><em>Δ</em></strong></span> 
     </span>
    </p>
   </div>
   <div class='ocr_carea' id='block_1_8' title="bbox 92 3223 1017 3340">
    <p class='ocr_par' dir='ltr' id='par_1_9' title="bbox 92 3223 1017 3340">
     <span class='ocr_line' id='line_1_43' title="bbox 121 3223 1017 3293; baseline 0.006 -21"><span class='ocrx_word' id='word_1_363' title='bbox 121 3225 200 3293; x_wconf 74' lang='lat' dir='ltr'>⁸The</span> <span class='ocrx_word' id='word_1_364' title='bbox 218 3223 343 3287; x_wconf 81' lang='lat' dir='ltr'>Lingones</span> <span class='ocrx_word' id='word_1_365' title='bbox 360 3225 485 3275; x_wconf 87' lang='lat' dir='ltr'>inhabitcd</span> <span class='ocrx_word' id='word_1_366' title='bbox 501 3226 543 3275; x_wconf 86' lang='lat' dir='ltr'>the</span> <span class='ocrx_word' id='word_1_367' title='bbox 559 3236 662 3288; x_wconf 87' lang='lat' dir='ltr'>country</span> <span class='ocrx_word' id='word_1_368' title='bbox 678 3236 704 3276; x_wconf 93' lang='lat' dir='ltr'>to</span> <span class='ocrx_word' id='word_1_369' title='bbox 720 3227 762 3276; x_wconf 85' lang='lat' dir='ltr'>the</span> <span class='ocrx_word' id='word_1_370' title='bbox 778 3227 914 3277; x_wconf 83' lang='lat' dir='ltr'>north-east</span> <span class='ocrx_word' id='word_1_371' title='bbox 931 3223 960 3277; x_wconf 74' lang='lat' dir='ltr'>ot*</span> <span class='ocrx_word' id='word_1_372' title='bbox 974 3227 1017 3277; x_wconf 80' lang='lat' dir='ltr'>tha</span> 
     </span>
     <span class='ocr_line' id='line_1_44' title="bbox 92 3281 863 3340; baseline 0.006 -10"><span class='ocrx_word' id='word_1_373' title='bbox 92 3281 184 3340; x_wconf 79' lang='lat' dir='ltr'>Aedui,</span> <span class='ocrx_word' id='word_1_374' title='bbox 197 3285 272 3333; x_wconf 88' lang='lat' dir='ltr'>about</span> <span class='ocrx_word' id='word_1_375' title='bbox 283 3285 325 3334; x_wconf 89' lang='lat' dir='ltr'>the</span> <span class='ocrx_word' id='word_1_376' title='bbox 336 3301 435 3335; x_wconf 87' lang='lat' dir='ltr'>sources</span> <span class='ocrx_word' id='word_1_377' title='bbox 445 3285 474 3334; x_wconf 82' lang='lat' dir='ltr'>of</span> <span class='ocrx_word' id='word_1_378' title='bbox 485 3285 527 3335; x_wconf 87' lang='lat' dir='ltr'>the</span> <span class='ocrx_word' id='word_1_379' title='bbox 538 3286 614 3335; x_wconf 86' lang='lat' dir='ltr'>rivers</span> <span class='ocrx_word' id='word_1_380' title='bbox 625 3286 698 3335; x_wconf 85' lang='lat' dir='ltr'>Seius</span> <span class='ocrx_word' id='word_1_381' title='bbox 710 3286 757 3335; x_wconf 89' lang='lat' dir='ltr'>and</span> <span class='ocrx_word' id='word_1_382' title='bbox 768 3286 863 3337; x_wconf 83' lang='lat' dir='ltr'>Marna.</span> 
     </span>
    </p>
   </div>
   <div class='ocr_carea' id='block_1_9' title="bbox 0 0 1078 3704">
    <p class='ocr_par' dir='ltr' id='par_1_10' title="bbox 0 0 1078 3704">
     <span class='ocr_line' id='line_1_45' title="bbox 0 0 1078 3704; baseline 0 2"><span class='ocrx_word' id='word_1_383' title='bbox 0 0 1078 3704; x_wconf 95' lang='lat' dir='ltr'> </span> 
     </span>
    </p>
   </div>
  </div>
 </body>
</html>
