2146 3704
367 122 370 130 ¹
443 117 535 158 aranu
555 118 610 158 vrr.
931 97 988 157 loo

62 214 78 246 ³
96 196 142 287 49.
161 225 261 281 Caesar
280 241 365 297 quum
383 226 474 298 iniquo
487 224 682 308 locopugnari
704 223 877 295 hostiumque
896 225 990 296 augeri

62 298 155 369 copias
175 296 286 367 videret,
311 305 502 366 praemetuens
524 314 587 366 suls,
612 295 647 349 ad
671 294 703 347 Τ.
724 295 846 349 Sextium
857 296 986 366 legatum,

60 367 146 441 quern
157 365 305 420 minoribns
317 366 413 419 castris
424 365 555 436 praesidio
567 366 718 436 reliquerat,
728 365 818 436 mittit,
827 373 857 419 ut
869 366 992 419 cohortes

62 446 99 492 'ex
115 436 214 490 eastris
232 436 355 490 celeriter
374 436 502 490 educeret
522 445 550 489 et
570 435 619 490 sub
640 435 732 488 infimo
756 435 824 489 colle
843 435 880 488 sb
898 435 991 488 dextro

57 504 147 561 latere
160 505 279 559 hostium
297 505 485 559 constitueret:
504 515 541 577 ut,
555 506 577 559 si
590 512 693 559 nostros
703 505 762 558 loco
774 505 901 575 depulsos
911 505 992 558 vidis-

57 574 112 647 fset,
132 588 185 645 quo
208 575 300 628 minus
322 575 406 628 libere
430 575 521 630 hostes
539 576 748 646 insequerentur,
768 577 896 629 terreret.¹
931 574 992 644 Ipse

55 645 188 721 [paullum
206 657 247 699 ex'
259 661 297 698 eov
308 644 367 698 loco
384 662 449 698 curn
466 644 572 715 legione
589 661 752 716 progressus,
765 644 812 699 ubi
830 645 992 712 constiterat,

55 719 193 769 “eventurn
205 724 312 783 pugnae
325 714 508 785 exspectabat.
664 718 669 726 ’

56 840 60 858 Ι,
99 789 142 838 50.
161 784 252 841 Quum
270 784 401 837 acerrime
425 786 576 839 comminus
592 792 761 856 pugnaretur,
780 783 872 838 hostes
889 783 948 838 loco
964 790 994 837 et

62 864 185 923 numero,
205 853 287 905 nostri
308 854 406 906 virtute
427 854 608 908 confiderent:
634 855 722 909 subito
742 863 804 908 sunt
824 853 915 908 Aedui
932 853 992 923 visi,

54 918 99 997 [ab
119 922 204 976 latere
223 922 320 975 nostris
340 923 451 993 aperto,²
471 941 538 994 quos
556 924 655 977 Caesar
674 925 710 979 ab
730 924 825 977 dextra
845 932 921 994 parte
941 923 994 976 alio

62 1008 180 1046 ascensu
197 1008 294 1045 manus
317 992 487 1046 distinendae
510 1010 593 1047 eausa
609 993 729 1046 miserat.
765 993 800 1046 Hi
819 993 994 1046 similitudine

55 1062 209 1133 'armornm'
220 1061 397 1116 vehementer
408 1071 511 1116 nostros
528 1070 743 1133 perterruerunt:
762 1079 795 1116 ac
807 1063 918 1115 tametsi
929 1061 994 1116 dex·

63 1130 111 1185 tris
128 1130 249 1184 humeris
267 1132 388 1185 exsertis⁴
400 1133 683 1186 animadvertebantur
722 1131 775 1185 uod
793 1132 898 1201 insigne
916 1147 995 1202 paca·

55 1200 100 1270 *tis
112 1217 174 1253 esse
194 1210 343 1270 consuerat,
357 1209 448 1254 tamen
469 1202 496 1254 id
516 1203 607 1272 ipsum
619 1202 660 1254 sui
673 1149 783 1255 13110011
802 1219 885 1255 eausa
896 1200 996 1254 milites

56 1267 98 1340 ab
110 1268 233 1322 hostibus
245 1269 349 1322 factum
366 1270 565 1323 existimabant.
602 1270 707 1323 Eodem
719 1279 839 1340 tempore
850 1270 881 1323 L.
895 1270 996 1323 Fabius

55 1338 186 1411 *centurio
199 1338 299 1408 quique
319 1356 373 1391 una
391 1356 500 1392 murum
518 1339 703 1409 ascenderant,
717 1339 892 1391 circumventi
912 1346 995 1407 atque

64 1407 201 1463 interlecti
225 1407 259 1459 de
283 1422 360 1461 muro
388 1408 604 1478 praecipitantur.
648 1408 689 1460 M.
714 1407 844 1477 Petreius,
869 1406 993 1477 ejusdem

63 1476 177 1546 legionis
189 1479 317 1547 centurio,
331 1494 413 1547 quum
426 1486 514 1555 portas
526 1476 662 1530 excidere⁵
673 1485 784 1530 conatus
803 1486 876 1530 esset
897 1493 914 1529 a
925 1475 995 1528 mul-

57 1546 182 1618 vtitudine
201 1563 345 1616 oppressus
362 1564 395 1599 ac
413 1547 465 1599 sibi
482 1546 635 1616 desperans,
655 1546 749 1600 multis
766 1546 822 1615 jarn
840 1516 996 1598 vulneribus

64 1617 192 1685 acceptis,
205 1615 422 1685 manipularibus,
431 1616 495 1686 suis,
509 1616 555 1686 qui
568 1615 645 1669 illurn
659 1616 746 1669 secuti
759 1623 842 1684 erant,
851 1615 993 1684 Quoniam,

64 1684 159 1756 inquit,
172 1702 218 1738 me
231 1702 284 1737 una
296 1686 437 1738 vobiscum
457 1702 563 1737 servare
581 1702 634 1737 non
651 1683 997 1755 possum‚vestraequidem

57 1752 139 1825 certe
159 1755 419 1825 vitae'prospiciam,
440 1771 507 1824 quos
525 1754 673 1824 cupiditate
696 1755 796 1824 gloriae
815 1753 949 1808 adductus
968 1754 995 1805 in

65 1824 216 1904 pericnlum
229 1823 338 1876 deduxi.
362 1825 424 1894 Vos,
438 1825 501 1877 data
512 1824 647 1896 facultate,
660 1825 737 1879 vobis
749 1824 889 1878 consulite.
910 1822 995 1877 Simul
1021 1831 1024 1834 “

63 1911 95 1965 ,ιιι
117 1893 223 1946 medios
246 1893 337 1946 hostes
352 1895 451 1965 irrupit,
477 1895 636 1964 duobusque
659 1895 814 1965 interiectis,
840 1894 955 1963 reliquos
979 1909 996 1945 a

66 1971 142 2043 porta
159 1962 281 2032 paullum
305 1963 447 2016 submovit.
485 1965 648 2018 Conantibus
665 1966 787 2019 auxiliari
805 1965 868 2034 suis,
888 1963 994 2031 frustra,

59 2032 160 2103 inquit,
180 2047 259 2084 rneae
277 2031 349 2084 vitae
374 2033 515 2086 subvenire
539 2035 680 2104 conamini,
701 2036 792 2104 quem⁸
811 2033 864 2087 'arn
888 2031 996 2101 sanguis

65 2099 190 2171 viresque
203 2100 346 2153 deficiunt:
366 2101 475 2169 proinde
494 2101 557 2155 hinc
575 2102 656 2172 abite,
669 2103 736 2156 dum
749 2112 789 2155 est
802 2051 923 2172 13001133,
938 2118 995 2153 vos-

65 2187 120 2240 ¹que
132 2170 167 2222 ad
180 2171 313 2238 leg‘onem
327 2171 445 2240 recipite.
481 2171 522 2223 Ita
534 2188 656 2240 pugnans
667 2182 726 2241 post
738 2171 861 2241 paullum
879 2170 995 2223 concidit

63 2256 100 2292 ac
112 2239 167 2292 suis
178 2240 259 2293 saluti
271 2239 331 2293 suit.

97 2416 106 2445 ¹
119 2415 240 2485 Terreren
258 2415 346 2477 supply
357 2434 394 2464 eos
405 2432 432 2464 or
442 2420 532 2472 hortm
550 2415 591 2462 the
602 2431 648 2476 quo
660 2416 739 2463 minus
756 2415 777 2463 is
793 2414 835 2462 the
851 2431 919 2463 same
931 2431 957 2464 33
969 2424 995 2463 ut

69 2491 94 2522 eo
104 2492 192 2522 manus.

61 2573 64 2597 ς
97 2550 108 2580 ¹
118 2554 125 2576 ‘
135 2549 176 2598 On
186 2548 228 2597 the
239 2549 291 2597 side
302 2550 385 2598 where
396 2566 440 2598 our
451 2549 531 2598 flanks
540 2564 604 2598 were
615 2564 679 2609 open
689 2564 716 2597 or
724 2547 857 2597 occessible
865 2549 882 2607 ;'
900 2547 994 2606 thetis,

69 2607 152 2658 where
164 2608 223 2669 they
235 2609 307 2657 could
318 2609 390 2658 resch
401 2625 446 2659 our
457 2625 521 2657 men.
678 2613 683 2624 ’

98 2680 174 2728 lThe
186 2697 282 2729 srmour
292 2681 320 2729 01
332 2681 374 2730 the
385 2681 468 2730 Aedui
479 2681 507 2729 01
519 2697 603 2729 course
615 2698 666 2729 was
683 2681 725 2729 the
741 2696 818 2738 same,
831 2697 858 2730 or
868 2680 961 2730 similar
971 2688 996 2728 to

70 2739 123 2788 that
134 2740 162 2788 01
173 2740 215 2787 the
226 2741 297 2789 other
309 2741 395 2798 Gauls,
409 2742 455 2789 and
472 2741 626 2802 accordingly
642 2742 684 2790 the
702 2742 812 2791 Romans
827 2757 892 2791 were
911 2740 995 2801 fright·

71 2799 133 2847 ened
144 2809 168 2846 at
180 2799 243 2847 their
251 2815 407 2860 appearance.

99 2870 237 2919 ⁴Essertus
257 2873 277 2919 is
296 2874 337 2919 the
356 2888 424 2920 sume
443 2888 469 2919 us
488 2875 608 2928 nudatus;
626 2873 662 2919 for
672 2871 714 2920 the
733 2872 818 2928 Gauls,
837 2872 862 2919 in
881 2871 952 2918 tirnes
964 2868 997 2918 01

72 2943 155 2989 peace,
168 2931 229 2978 used
240 2941 265 2979 to
277 2931 338 2979 have
351 2933 414 2980 their
424 2931 551 2979 shoulders
563 2932 610 2979 and
621 2933 715 2979 breasts
726 2930 871 2978 uncovered.

62 3052 65 3056 .
100 3004 235 3053 ‘orauere
251 3005 321 3061 (srorn
337 3024 364 3054 ea
380 3005 427 3054 and
442 3008 528 3061 caedo),
544 3010 582 3052 ‘to
594 3014 634 3052 cut
646 3020 660 3052 a
671 3004 738 3064 piece
749 3013 792 3051 out
803 3003 832 3050 01
843 3020 858 3051 3
868 3002 956 3062 thing‚'
970 3017 998 3052 or

75 3067 115 3111 ‘to
125 3063 202 3112 break
213 3064 318 3126 through
327 3066 343 3122 ;’
362 3065 438 3113 hence
454 3065 495 3113 the
512 3080 579 3112 sume
590 3064 648 3112 here
659 3079 686 3112 ss
694 3080 845 3125 perrumpere
854 3079 881 3111 or
888 3062 986 3125 psp‘rr'n

72 3139 134 3182 gere.
