2146 3704
72 239 113 303 5⁰
378 261 420 303 nn
441 262 538 304 senno
560 263 695 306 nannrco.

73 378 131 424 tatu
143 370 261 424 veniret:
280 370 334 424 alia
352 371 452 425 ratione
472 388 532 424 sese
551 389 602 424 non
624 389 685 424 esse
704 378 857 439 venturum.
893 368 1000 441 Caesar,

73 444 146 510 quod
158 458 247 510 neque
266 441 318 494 coll
352 442 429 494 ulum
447 441 602 510 interposita
619 458 701 494 causa
719 440 774 493 tolli
786 439 894 493 volebat
911 455 1002 508 neque

73 509 189 564 salutem
200 527 277 565 suam
286 512 336 564 Ga]
348 528 424 564 orum
433 510 563 580 equitatui
572 511 740 563 committere
748 509 873 580 audebat,
883 524 1002 562 commo·

73 578 217 634 dissimum
231 597 290 634 esse
303 583 395 634 statuit
407 581 531 633 omnibus
543 581 621 703 equis
632 580 717 633 Gallis
729 579 865 659 equitibus
875 578 1003 632 detractis

74 650 116 702 eo¹
136 649 293 719 legionarios
312 650 412 703 milites
432 649 543 719 legionis
582 651 693 720 emmae,
715 666 759 703 cur
778 666 862 718 quam
882 647 1002 701 maxime

73 719 233 791 confidebat,
246 722 390 790 imponere,
412 728 442 773 ut
481 719 625 773 raesidium
646 736 730 788 quam
752 717 957 786 amicissimum,
978 718 1001 771 ei

73 787 139 857 quid
157 804 225 858 opus
243 789 313 843 facto
331 796 411 858 esset,
425 737 545 843 haberet.
581 788 658 848 Quod
674 805 737 842 cum
756 789 840 858 lieret,
854 804 906 840 non
918 786 1001 839 irridi·

72 855 135 909 oule
147 858 257 926 quidam
270 875 304 912 ex
319 858 449 911 militibus
467 858 590 912 decimae
608 856 719 927 legionis
736 858 817 911 dixit:
836 855 905 937 plus,
918 871 1002 925 quam

72 925 208 997 pollicitus
228 936 307 996 esset,
329 927 474 981 Caesarem
492 926 598 981 facere:
656 928 770 981 llicitum
789 943 819 980 se
838 944 866 979 m
886 925 1002 979 cohortis

72 995 221 1118 piaqtoriae
239 996 297 1050 loco
314 995 451 1050 decimam
469 996 604 1067 legionem
620 944 776 1051 ffibiturum
793 995 829 1049 ad
846 1012 949 1066 equum
961 1011 1002 1048 re·

73 1080 125 1118 scri
146 1082 201 1118 ere.

107 1139 149 1188 43.
170 1135 298 1189 Planities
317 1142 374 1188 erat
392 1151 490 1204 magna
510 1135 583 1189 etin
602 1152 636 1189 ea
655 1134 776 1189 tumulus
795 1141 918 1188 terrenus
937 1133 1001 1186 satie

73 1203 190 1271 grandis.
226 1206 276 1258 Hic
294 1205 369 1258 locus
385 1221 472 1274 aequo
490 1205 547 1258 lere
565 1204 650 1275 spatio
666 1205 702 1258 ab
720 1205 814 1258 castris
831 1203 960 1257 Ariovisti
974 1210 1001 1256 et

72 1272 196 1327 Caesaris
207 1275 309 1328 aberat.
340 1275 388 1344 Eo,
398 1283 428 1327 ut
440 1282 496 1326 erat
508 1275 630 1342 dictum‚⁸
637 1274 672 1327 ad
685 1273 735 1327 coll
773 1274 848 1326 ulum
860 1281 1001 1326 venerunt.

72 1341 220 1412 Legionem
232 1345 337 1412 Caesar,
348 1360 430 1412 quam
443 1345 520 1413 equis
529 1344 682 1414 derexerat,
693 1344 764 1413 passi
786 1360 818 1396 us
829 1342 955 1395 ducentis
966 1342 1001 1396 ab

73 1427 106 1464 eo
125 1413 231 1467 tumulo·
248 1414 391 1468 constituit.
428 1413 497 1467 Item
517 1414 623 1485 equites
640 1413 765 1467 Ariovisti
784 1412 841 1483 pari
861 1411 1000 1464 intervallo

71 1484 258 1537 constiterunt.
288 1483 437 1538 Ariovistus
449 1484 578 1554 ex⁴equis
590 1492 620 1537 ut
631 1483 844 1552 colloquerentur
856 1489 883 1534 et
896 1489 1002 1605 queter

72 1567 103 1604 ee
124 1552 208 1607 denos
227 1562 255 1607 ut
272 1553 308 1608 ad
326 1552 490 1622 colloquium
507 1554 680 1624 adducerent,
700 1551 853 1623 postularit.
924 1551 1001 1605 bico

70 1629 184 1676 ventum
205 1632 254 1693 est,
275 1624 373 1677 Caesar
392 1623 466 1676 initio
489 1624 615 1676 orationis
635 1641 684 1676 sua
704 1631 867 1691 senatusque
888 1621 915 1673 in
935 1637 999 1674 eum

70 1688 204 1746 beneficia
222 1693 450 1761 commemoravit,
463 1693 534 1762 quod
547 1710 595 1747 rex
612 1692 764 1763 appellatus
781 1700 853 1744 esset
865 1707 882 1743 a
894 1699 998 1760 senatu,

70 1761 143 1828 quod
154 1761 266 1834 amicus,
280 1762 352 1832 quod
364 1764 487 1816 munera⁶
497 1763 664 1833 amplissime
683 1763 766 1816 missa
775 1777 782 1828 ;
800 1777 882 1830 quam
902 1777 961 1814 rem
972 1767 1000 1812 et
1048 1785 1050 1790 ·

69 1830 165 1899 paucis
183 1833 327 1901 contigisse
345 1840 372 1885 et
389 1849 437 1903 pro
454 1833 561 1901 magnis
578 1832 719 1886 hominum
737 1831 834 1884 officiis
853 1845 999 1884 consuesse

71 1899 151 1952 tribui
161 1900 290 1969 docebat3
303 1900 388 1971 illum,
398 1918 462 1954 cum
471 1918 559 1971 neque
569 1903 682 1956 aditum·
690 1917 777 1971 neque
790 1917 901 1954 causam
909 1907 999 1968 postu·

70 1965 144 2021 landi
155 1967 255 2038 justam
265 1969 384 2041 haberet,
411 1971 565 2039 enelicioac
574 1971 732 2026 liberalitate
741 1987 790 2024 sua
801 1987 834 2023 ac
846 1979 957 2023 senatus
965 1984 999 2022 ea

69 2037 191 2116 praemia
203 2048 389 2093 consecutum.
419 2041 538 2094 Docebat
550 2043 642 2112 etiam,
651 2058 734 2111 quam
743 2048 850 2093 veteres
861 2055 998 2108 quamque

69 2117 158 2178 Justae
171 2124 268 2162 caueae
287 2110 393 2163 necessi
424 2110 496 2164 dinis
507 2110 572 2181 ipsis
590 2128 654 2164 cum
665 2110 770 2164 Aeduis
787 2109 997 2176 intercederent;

69 2193 141 2299 quae
165 2186 275 2232 senatus
297 2178 426 2251 consulta,
446 2181 553 2249 quoties
572 2197 708 2251 quamque
729 2179 874 2233 honorifica
894 2179 921 2232 in
942 2177 998 2232 eoe'

81 2255 142 2299 acta
166 2256 272 2318 essent3
295 2257 326 2302 ut
349 2250 422 2303 omni
445 2258 565 2319 tempore
589 2251 669 2304 totius
692 2249 795 2303 Galliae
818 2248 997 2318 principatum

69 2314 160 2370 Aedui
171 2319 328 2390 tenuissent,
340 2320 516 2391 primatiam,
528 2337 610 2390 quam
629 2328 745 2374 nostram
757 2317 905 2373 amicitiam
915 2334 998 2389 appe-

102 2500 169 2560 ¹Eo,·
187 2502 282 2562 thetis,
295 2506 323 2554 r'rr
334 2521 385 2563 eos,·
403 2504 511 2566 namely,
522 2521 602 2568 equos.

97 2590 108 2619 ¹
118 2588 184 2639 That
195 2591 225 2649 is,
238 2592 269 2642 he
280 2593 360 2642 raised
370 2593 438 2643 them
449 2603 475 2644 to
485 2594 527 2643 the
537 2594 600 2643 rank
609 2594 638 2643 os
645 2596 743 2656 equites,
755 2593 797 2642 the
813 2582 907 2642 service
918 2591 944 2640 in
954 2589 997 2640 tha

69 2649 168 2710 cavalry
178 2651 253 2712 being
268 2653 385 2714 regarded
396 2669 423 2703 as
434 2670 501 2703 more
517 2653 675 2711 honourable,
687 2653 736 2702 and
750 2653 874 2715 requiring
885 2650 997 2713 ahigher

69 2721 168 2766 census,
181 2710 241 2758 than
251 2711 293 2758 the
306 2713 400 2760 service
412 2728 444 2761 on
455 2713 513 2762 soot.

97 2794 213 2845 'Dictum
222 2796 280 2847 here
291 2799 313 2847 is
324 2799 366 2847 the
377 2815 445 2849 same
456 2816 483 2850 ae
493 2803 656 2851 masticatum.

96 2881 156 2931 ‘Er
166 2882 284 2933 indicates
301 2884 343 2935 the
360 2886 429 2947 place
445 2887 507 2938 from
517 2887 599 2938 which
614 2888 656 2938 the
672 2888 841 2938 conversation
857 2887 878 2936 is
894 2895 921 2936 to
936 2885 995 2937 take

68 2939 147 3003 place,
160 2942 262 2992 eschol
272 2944 314 2993 the
326 2955 376 2994 two
387 2946 464 2996 chiels
475 2947 549 3010 being
560 2963 592 2996 on
602 2946 747 2997 horsehack.

97 3034 107 3062 ⁸
117 3030 173 3079 The
184 3041 296 3090 presente
304 3031 386 3082 which
397 3033 439 3082 the
448 3033 559 3084 Romans
569 3035 632 3083 used
642 3044 668 3084 to
678 3033 739 3084 send
750 3043 776 3083 to
787 3033 860 3095 luinge
870 3031 995 3082 consisted

66 3093 99 3163 οξ
107 3109 139 3142 an
154 3092 224 3153 ivory
234 3102 339 3200 scqqtre,
352 3108 384 3141 en
398 3094 557 3164 ornamented
573 3104 639 3156 toga,
652 3094 760 3144 acutule
776 3093 851 3152 cheir,
865 3092 914 3142 duc.
946 3090 994 3140 See

69 3151 124 3201 Lrv.
136 3167 195 3201 xxx.
206 3154 248 3210 15,
292 3161 347 3201 ecit.
357 3151 425 3201 Aee.
435 3168 467 3202 iv.
476 3155 514 3202 26.

96 3227 107 3256 ⁸
117 3225 143 3275 N
144 3224 234 3286 amcly,
246 3228 279 3275 cd
288 3230 404 3276 smmum.

95 3295 144 3344 'he
152 3315 210 3354 ass:
226 3297 280 3346 that
290 3299 322 3357 is,
335 3299 361 3348 in
372 3299 495 3349 reference
506 3309 532 3349 to
542 3299 620 3358 them,
632 3316 660 3350 or
670 3309 696 3350 to
706 3299 801 3350 honour
811 3300 888 3349 theru.
