<?xml version="1.0" encoding="UTF-8"?>
<!DOCTYPE html PUBLIC "-//W3C//DTD XHTML 1.0 Transitional//EN"
    "http://www.w3.org/TR/xhtml1/DTD/xhtml1-transitional.dtd">
<html xmlns="http://www.w3.org/1999/xhtml" xml:lang="en" lang="en">
 <head>
  <title>
</title>
<meta http-equiv="Content-Type" content="text/html;charset=utf-8" />
  <meta name='ocr-system' content='tesseract 3.04.00' />
  <meta name='ocr-capabilities' content='ocr_page ocr_carea ocr_par ocr_line ocrx_word'/>
</head>
<body>
  <div class='ocr_page' id='page_1' title='image "./cjuliicaesarisc02caesgoog_0090.png"; bbox 0 0 2146 3704; ppageno 0'>
   <div class='ocr_carea' id='block_1_1' title="bbox 449 257 993 321">
    <p class='ocr_par' dir='ltr' id='par_1_1' title="bbox 449 257 993 321">
     <span class='ocr_line' id='line_1_1' title="bbox 449 257 993 321; baseline 0.004 -2"><span class='ocrx_word' id='word_1_1' title='bbox 449 257 548 319; x_wconf 66' lang='lat' dir='ltr'>&#39;mssa</span> <span class='ocrx_word' id='word_1_2' title='bbox 567 278 613 320; x_wconf 87' lang='lat' dir='ltr'>rrr.</span> <span class='ocrx_word' id='word_1_3' title='bbox 689 274 693 278; x_wconf 86' lang='grc'><strong><em>·</em></strong></span> <span class='ocrx_word' id='word_1_4' title='bbox 955 260 993 321; x_wconf 80' lang='grc'>81</span> 
     </span>
    </p>
   </div>
   <div class='ocr_carea' id='block_1_2' title="bbox 22 378 1008 2534">
    <p class='ocr_par' dir='ltr' id='par_1_2' title="bbox 22 378 1008 2396">
     <span class='ocr_line' id='line_1_2' title="bbox 71 378 995 457; baseline 0.001 -15"><span class='ocrx_word' id='word_1_5' title='bbox 71 378 399 457; x_wconf 62' lang='lat' dir='ltr'>Nanneteqnmtitliatos,</span> <span class='ocrx_word' id='word_1_6' title='bbox 411 387 540 457; x_wconf 79' lang='lat' dir='ltr'>Morinos,</span> <span class='ocrx_word' id='word_1_7' title='bbox 554 386 722 457; x_wconf 85' lang='lat' dir='ltr'>Diabliutres,</span> <span class='ocrx_word' id='word_1_8' title='bbox 734 387 877 457; x_wconf 77' lang='lat' dir='ltr'>Menapios</span> <span class='ocrx_word' id='word_1_9' title='bbox 894 386 995 443; x_wconf 72' lang='lat' dir='ltr'>adscis-</span> 
     </span>
     <span class='ocr_line' id='line_1_3' title="bbox 71 454 996 528; baseline 0.002 -18"><span class='ocrx_word' id='word_1_10' title='bbox 71 454 270 522; x_wconf 66' lang='lat' dir='ltr'>otitttt&#39;jeuxilia</span> <span class='ocrx_word' id='word_1_11' title='bbox 286 464 322 510; x_wconf 81' lang='lat' dir='ltr'>ex</span> <span class='ocrx_word' id='word_1_12' title='bbox 340 455 481 528; x_wconf 76' lang='lat' dir='ltr'>Britannia,</span> <span class='ocrx_word' id='word_1_13' title='bbox 493 474 563 527; x_wconf 89' lang='lat' dir='ltr'>quae</span> <span class='ocrx_word' id='word_1_14' title='bbox 582 464 674 510; x_wconf 81' lang='lat' dir='ltr'>contra</span> <span class='ocrx_word' id='word_1_15' title='bbox 692 472 742 510; x_wconf 87' lang='lat' dir='ltr'>eas</span> <span class='ocrx_word' id='word_1_16' title='bbox 760 456 890 525; x_wconf 85' lang='lat' dir='ltr'>regiones¹</span> <span class='ocrx_word' id='word_1_17' title='bbox 907 459 996 528; x_wconf 70' lang='lat' dir='ltr'>posita</span> 
     </span>
     <span class='ocr_line' id='line_1_4' title="bbox 100 531 506 580; baseline -0.002 -2"><span class='ocrx_word' id='word_1_18' title='bbox 100 531 375 580; x_wconf 56' lang='lat' dir='ltr'>t&#39;3at‘ceb‘butl&#39;i.&#39;ss⁴=²·l</span> <span class='ocrx_word' id='word_1_19' title='bbox 424 554 427 560; x_wconf 92' lang='lat'><em>·</em></span> <span class='ocrx_word' id='word_1_20' title='bbox 504 558 506 564; x_wconf 38' lang='grc' dir='ltr'><strong><em>ι</em></strong></span> 
     </span>
     <span class='ocr_line' id='line_1_5' title="bbox 71 531 995 664; baseline 0.002 -16"><span class='ocrx_word' id='word_1_21' title='bbox 71 531 157 659; x_wconf 40' lang='lat' dir='ltr'>epist?</span> <span class='ocrx_word' id='word_1_22' title='bbox 167 584 317 648; x_wconf 64' lang='lat' dir='ltr'>stanchia</span> <span class='ocrx_word' id='word_1_23' title='bbox 328 593 502 649; x_wconf 83' lang='lat' dir='ltr'>difficultates</span> <span class='ocrx_word' id='word_1_24' title='bbox 512 587 577 648; x_wconf 87' lang='lat' dir='ltr'>belli</span> <span class='ocrx_word' id='word_1_25' title='bbox 594 592 712 664; x_wconf 86' lang='lat' dir='ltr'>gerendi,</span> <span class='ocrx_word' id='word_1_26' title='bbox 723 609 797 664; x_wconf 82' lang='lat' dir='ltr'>quas</span> <span class='ocrx_word' id='word_1_27' title='bbox 811 609 891 664; x_wconf 86' lang='lat' dir='ltr'>supra</span> <span class='ocrx_word' id='word_1_28' title='bbox 906 603 995 650; x_wconf 84' lang='lat' dir='ltr'>osten·</span> 
     </span>
     <span class='ocr_line' id='line_1_6' title="bbox 70 661 994 734; baseline 0.002 -17"><span class='ocrx_word' id='word_1_29' title='bbox 70 661 230 733; x_wconf 58' lang='lat' dir='ltr'>dimuq&#39;bdd</span> <span class='ocrx_word' id='word_1_30' title='bbox 247 662 494 734; x_wconf 71' lang='lat' dir='ltr'>multa&#39;Caesarem</span> <span class='ocrx_word' id='word_1_31' title='bbox 511 671 603 716; x_wconf 88' lang='lat' dir='ltr'>tamen</span> <span class='ocrx_word' id='word_1_32' title='bbox 619 662 655 715; x_wconf 90' lang='lat' dir='ltr'>ad</span> <span class='ocrx_word' id='word_1_33' title='bbox 673 662 701 716; x_wconf 93' lang='lat' dir='ltr'>id</span> <span class='ocrx_word' id='word_1_34' title='bbox 718 661 822 716; x_wconf 89' lang='lat' dir='ltr'>bellum</span> <span class='ocrx_word' id='word_1_35' title='bbox 833 662 994 718; x_wconf 87' lang='lat' dir='ltr'>incitabant:</span> 
     </span>
     <span class='ocr_line' id='line_1_7' title="bbox 70 731 995 803; baseline -0.002 -17"><span class='ocrx_word' id='word_1_36' title='bbox 70 731 393 802; x_wconf 75' lang='lat' dir='ltr'>injuriaeret&#39;eutomm&#39;e</span> <span class='ocrx_word' id='word_1_37' title='bbox 413 732 508 797; x_wconf 83' lang='lat' dir='ltr'>uitum²</span> <span class='ocrx_word' id='word_1_38' title='bbox 515 733 705 802; x_wconf 74' lang='lat' dir='ltr'>Romanam,</span> <span class='ocrx_word' id='word_1_39' title='bbox 718 731 830 787; x_wconf 86' lang='lat' dir='ltr'>rebellio</span> <span class='ocrx_word' id='word_1_40' title='bbox 847 731 919 785; x_wconf 84' lang='lat' dir='ltr'>facta</span> <span class='ocrx_word' id='word_1_41' title='bbox 935 741 995 803; x_wconf 74' lang='lat' dir='ltr'>post</span> 
     </span>
     <span class='ocr_line' id='line_1_8' title="bbox 70 749 994 874; baseline 0.001 -19"><span class='ocrx_word' id='word_1_42' title='bbox 70 801 247 872; x_wconf 82' lang='lat' dir='ltr'>deditionem,</span> <span class='ocrx_word' id='word_1_43' title='bbox 256 800 373 855; x_wconf 84' lang='lat' dir='ltr'>defectio</span> <span class='ocrx_word' id='word_1_44' title='bbox 390 749 463 854; x_wconf 78' lang='lat' dir='ltr'>datis</span> <span class='ocrx_word' id='word_1_45' title='bbox 477 799 616 854; x_wconf 84' lang='lat' dir='ltr'>obsidibus</span> <span class='ocrx_word' id='word_1_46' title='bbox 636 808 674 855; x_wconf 91' lang='lat' dir='ltr'>tot</span> <span class='ocrx_word' id='word_1_47' title='bbox 686 801 826 855; x_wconf 85' lang='lat' dir='ltr'>civitatum</span> <span class='ocrx_word' id='word_1_48' title='bbox 840 800 994 874; x_wconf 85' lang='lat' dir='ltr'>conjuratio,</span> 
     </span>
     <span class='ocr_line' id='line_1_9' title="bbox 70 840 1008 941; baseline 0 -15"><span class='ocrx_word' id='word_1_49' title='bbox 70 870 211 941; x_wconf 75' lang='lat' dir='ltr'>inprimis</span> <span class='ocrx_word' id='word_1_50' title='bbox 228 879 263 924; x_wconf 83' lang='lat' dir='ltr'>ne</span> <span class='ocrx_word' id='word_1_51' title='bbox 281 870 333 924; x_wconf 87' lang='lat' dir='ltr'>hnc</span> <span class='ocrx_word' id='word_1_52' title='bbox 350 879 425 940; x_wconf 87' lang='lat' dir='ltr'>parte</span> <span class='ocrx_word' id='word_1_53' title='bbox 444 870 567 939; x_wconf 77' lang='lat' dir='ltr'>neglecta</span> <span class='ocrx_word' id='word_1_54' title='bbox 585 840 705 940; x_wconf 81' lang='lat' dir='ltr'>reiiquae</span> <span class='ocrx_word' id='word_1_55' title='bbox 722 870 844 925; x_wconf 87' lang='lat' dir='ltr'>nationes</span> <span class='ocrx_word' id='word_1_56' title='bbox 855 871 906 925; x_wconf 85' lang='lat' dir='ltr'>sibi</span> <span class='ocrx_word' id='word_1_57' title='bbox 921 870 1008 926; x_wconf 51' lang='lat' dir='ltr'>idem¹</span> 
     </span>
     <span class='ocr_line' id='line_1_10' title="bbox 70 939 995 1009; baseline 0.002 -17"><span class='ocrx_word' id='word_1_58' title='bbox 70 939 153 1005; x_wconf 74' lang='lat' dir='ltr'>li&#39;osere</span> <span class='ocrx_word' id='word_1_59' title='bbox 173 939 371 1005; x_wconf 69' lang='lat' dir='ltr'>arbitrarentur.</span> <span class='ocrx_word' id='word_1_60' title='bbox 414 940 507 1009; x_wconf 87' lang='lat' dir='ltr'>Itaque</span> <span class='ocrx_word' id='word_1_61' title='bbox 534 956 597 993; x_wconf 86' lang='lat' dir='ltr'>cum</span> <span class='ocrx_word' id='word_1_62' title='bbox 626 939 786 1008; x_wconf 84' lang='lat' dir='ltr'>intelligeret</span> <span class='ocrx_word' id='word_1_63' title='bbox 814 957 909 994; x_wconf 87' lang='lat' dir='ltr'>omnes</span> <span class='ocrx_word' id='word_1_64' title='bbox 938 940 995 995; x_wconf 86' lang='lat' dir='ltr'>fere</span> 
     </span>
     <span class='ocr_line' id='line_1_11' title="bbox 22 1008 994 1080; baseline 0.002 -18"><span class='ocrx_word' id='word_1_65' title='bbox 22 1063 24 1075; x_wconf 76' lang='grc'>,</span> <span class='ocrx_word' id='word_1_66' title='bbox 49 1029 51 1032; x_wconf 95' lang='grc'><strong><em>·</em></strong></span> <span class='ocrx_word' id='word_1_67' title='bbox 70 1008 251 1062; x_wconf 73' lang='lat' dir='ltr'>Gallos‘no&#39;v&#39;is</span> <span class='ocrx_word' id='word_1_68' title='bbox 263 1009 344 1074; x_wconf 82' lang='lat' dir='ltr'>rebus</span> <span class='ocrx_word' id='word_1_69' title='bbox 356 1008 463 1062; x_wconf 88' lang='lat' dir='ltr'>studere</span> <span class='ocrx_word' id='word_1_70' title='bbox 475 1009 549 1062; x_wconf 88' lang='lat' dir='ltr'>etad</span> <span class='ocrx_word' id='word_1_71' title='bbox 559 1008 662 1062; x_wconf 86' lang='lat' dir='ltr'>bellum</span> <span class='ocrx_word' id='word_1_72' title='bbox 674 1009 807 1063; x_wconf 78' lang='lat' dir='ltr'>mobiliter</span> <span class='ocrx_word' id='word_1_73' title='bbox 818 1010 994 1080; x_wconf 77' lang='lat' dir='ltr'>celeriterque</span> 
     </span>
     <span class='ocr_line' id='line_1_12' title="bbox 70 1076 995 1148; baseline 0.004 -18"><span class='ocrx_word' id='word_1_74' title='bbox 70 1078 188 1148; x_wconf 77' lang='lat' dir='ltr'>excitari,</span> <span class='ocrx_word' id='word_1_75' title='bbox 198 1081 294 1140; x_wconf 80' lang='lat' dir='ltr'>omnes</span> <span class='ocrx_word' id='word_1_76' title='bbox 305 1087 396 1144; x_wconf 86' lang='lat' dir='ltr'>autem</span> <span class='ocrx_word' id='word_1_77' title='bbox 408 1076 536 1132; x_wconf 82' lang='lat' dir='ltr'>homines·</span> <span class='ocrx_word' id='word_1_78' title='bbox 542 1085 636 1131; x_wconf 86' lang='lat' dir='ltr'>natura</span> <span class='ocrx_word' id='word_1_79' title='bbox 647 1078 762 1132; x_wconf 80' lang='lat' dir='ltr'>libertati</span> <span class='ocrx_word' id='word_1_80' title='bbox 774 1079 881 1133; x_wconf 88' lang='lat' dir='ltr'>studere</span> <span class='ocrx_word' id='word_1_81' title='bbox 894 1089 921 1134; x_wconf 86' lang='lat' dir='ltr'>et</span> <span class='ocrx_word' id='word_1_82' title='bbox 933 1097 995 1133; x_wconf 90' lang='lat' dir='ltr'>con·</span> 
     </span>
     <span class='ocr_line' id='line_1_13' title="bbox 69 1147 994 1227; baseline 0.002 -27"><span class='ocrx_word' id='word_1_83' title='bbox 69 1147 200 1202; x_wconf 81' lang='lat' dir='ltr'>ditionem</span> <span class='ocrx_word' id='word_1_84' title='bbox 212 1147 347 1200; x_wconf 77' lang='lat' dir='ltr'>servitutis</span> <span class='ocrx_word' id='word_1_85' title='bbox 358 1147 455 1218; x_wconf 82' lang='lat' dir='ltr'>odisse,</span> <span class='ocrx_word' id='word_1_86' title='bbox 468 1148 624 1227; x_wconf 78' lang='lat' dir='ltr'>priusquam</span> <span class='ocrx_word' id='word_1_87' title='bbox 641 1147 733 1218; x_wconf 89' lang='lat' dir='ltr'>plures</span> <span class='ocrx_word' id='word_1_88' title='bbox 748 1149 874 1202; x_wconf 86' lang='lat' dir='ltr'>civitates</span> <span class='ocrx_word' id='word_1_89' title='bbox 890 1149 994 1219; x_wconf 85' lang='lat' dir='ltr'>conspi-</span> 
     </span>
     <span class='ocr_line' id='line_1_14' title="bbox 69 1215 994 1286; baseline 0.005 -17"><span class='ocrx_word' id='word_1_90' title='bbox 69 1225 166 1286; x_wconf 87' lang='lat' dir='ltr'>rarent,</span> <span class='ocrx_word' id='word_1_91' title='bbox 187 1216 359 1286; x_wconf 91' lang='lat' dir='ltr'>partiendum</span> <span class='ocrx_word' id='word_1_92' title='bbox 378 1217 430 1271; x_wconf 88' lang='lat' dir='ltr'>sibi</span> <span class='ocrx_word' id='word_1_93' title='bbox 452 1233 486 1270; x_wconf 91' lang='lat' dir='ltr'>ao</span> <span class='ocrx_word' id='word_1_94' title='bbox 509 1218 590 1270; x_wconf 76' lang='lat' dir='ltr'>laune</span> <span class='ocrx_word' id='word_1_95' title='bbox 609 1215 826 1272; x_wconf 89' lang='lat' dir='ltr'>distribuendum</span> <span class='ocrx_word' id='word_1_96' title='bbox 845 1219 994 1276; x_wconf 81' lang='lat' dir='ltr'>exercitum</span> 
     </span>
     <span class='ocr_line' id='line_1_15' title="bbox 88 1287 837 1340; baseline 0 0"><span class='ocrx_word' id='word_1_97' title='bbox 88 1287 188 1340; x_wconf 54' lang='lat' dir='ltr'>litavit(</span> <span class='ocrx_word' id='word_1_98' title='bbox 834 1329 837 1332; x_wconf 76' lang='lat'><em>-</em></span> 
     </span>
     <span class='ocr_line' id='line_1_16' title="bbox 68 1302 994 1426; baseline 0.001 -17"><span class='ocrx_word' id='word_1_99' title='bbox 68 1302 148 1410; x_wconf 65' lang='grc' dir='ltr'>ΡΠ.</span> <span class='ocrx_word' id='word_1_100' title='bbox 178 1355 274 1424; x_wconf 87' lang='lat' dir='ltr'>ltaque</span> <span class='ocrx_word' id='word_1_101' title='bbox 296 1355 390 1409; x_wconf 71' lang='lat' dir='ltr'>&#39;litum&#39;</span> <span class='ocrx_word' id='word_1_102' title='bbox 411 1355 563 1409; x_wconf 88' lang='lat' dir='ltr'>Labienum</span> <span class='ocrx_word' id='word_1_103' title='bbox 591 1355 712 1425; x_wconf 85' lang='lat' dir='ltr'>legatum</span> <span class='ocrx_word' id='word_1_104' title='bbox 740 1356 769 1424; x_wconf 92' lang='lat' dir='ltr'>in</span> <span class='ocrx_word' id='word_1_105' title='bbox 791 1356 922 1426; x_wconf 77' lang='lat' dir='ltr'>Treviros,</span> <span class='ocrx_word' id='word_1_106' title='bbox 947 1356 994 1426; x_wconf 92' lang='lat' dir='ltr'>qui</span> 
     </span>
     <span class='ocr_line' id='line_1_17' title="bbox 68 1424 995 1495; baseline 0.001 -18"><span class='ocrx_word' id='word_1_107' title='bbox 68 1424 315 1495; x_wconf 65' lang='lat' dir='ltr'>proximiſjflumini</span> <span class='ocrx_word' id='word_1_108' title='bbox 341 1424 434 1478; x_wconf 87' lang='lat' dir='ltr'>Rheno</span> <span class='ocrx_word' id='word_1_109' title='bbox 458 1432 526 1493; x_wconf 88' lang='lat' dir='ltr'>sunt,</span> <span class='ocrx_word' id='word_1_110' title='bbox 551 1440 615 1478; x_wconf 87' lang='lat' dir='ltr'>curn</span> <span class='ocrx_word' id='word_1_111' title='bbox 638 1425 759 1493; x_wconf 85' lang='lat' dir='ltr'>equitatu</span> <span class='ocrx_word' id='word_1_112' title='bbox 787 1426 880 1479; x_wconf 88' lang='lat' dir='ltr'>mittit.</span> <span class='ocrx_word' id='word_1_113' title='bbox 923 1426 995 1479; x_wconf 91' lang='lat' dir='ltr'>Huic</span> 
     </span>
     <span class='ocr_line' id='line_1_18' title="bbox 68 1492 993 1563; baseline -0.001 -15"><span class='ocrx_word' id='word_1_114' title='bbox 68 1494 300 1562; x_wconf 76' lang='lat' dir='ltr'>mandat,&#39;lletnos</span> <span class='ocrx_word' id='word_1_115' title='bbox 317 1493 488 1563; x_wconf 86' lang='lat' dir='ltr'>reliquosque</span> <span class='ocrx_word' id='word_1_116' title='bbox 500 1493 597 1562; x_wconf 87' lang='lat' dir='ltr'>Belgas</span> <span class='ocrx_word' id='word_1_117' title='bbox 610 1492 782 1562; x_wconf 72' lang='lat' dir='ltr'>adeat-atque</span> <span class='ocrx_word' id='word_1_118' title='bbox 794 1494 822 1546; x_wconf 89' lang='lat' dir='ltr'>in</span> <span class='ocrx_word' id='word_1_119' title='bbox 834 1494 920 1546; x_wconf 90' lang='lat' dir='ltr'>officio</span> <span class='ocrx_word' id='word_1_120' title='bbox 933 1511 993 1548; x_wconf 89' lang='lat' dir='ltr'>con·</span> 
     </span>
     <span class='ocr_line' id='line_1_19' title="bbox 69 1561 992 1634; baseline -0.003 -17"><span class='ocrx_word' id='word_1_121' title='bbox 69 1564 161 1634; x_wconf 79' lang='lat' dir='ltr'>tinent,</span> <span class='ocrx_word' id='word_1_122' title='bbox 175 1564 383 1632; x_wconf 76' lang='lat' dir='ltr'>Germanosque,</span> <span class='ocrx_word' id='word_1_123' title='bbox 396 1563 443 1632; x_wconf 93' lang='lat' dir='ltr'>qui</span> <span class='ocrx_word' id='word_1_124' title='bbox 456 1562 554 1616; x_wconf 85' lang='lat' dir='ltr'>auxilio</span> <span class='ocrx_word' id='word_1_125' title='bbox 566 1578 583 1613; x_wconf 90' lang='lat' dir='ltr'>a</span> <span class='ocrx_word' id='word_1_126' title='bbox 595 1561 685 1630; x_wconf 84' lang='lat' dir='ltr'>Belgis</span> <span class='ocrx_word' id='word_1_127' title='bbox 695 1562 815 1615; x_wconf 87' lang='lat' dir='ltr'>arcessiti</span> <span class='ocrx_word' id='word_1_128' title='bbox 827 1561 992 1632; x_wconf 84' lang='lat' dir='ltr'>dicebantur,</span> 
     </span>
     <span class='ocr_line' id='line_1_20' title="bbox 69 1630 992 1703; baseline 0 -17"><span class='ocrx_word' id='word_1_129' title='bbox 69 1634 162 1703; x_wconf 78' lang='lat' dir='ltr'>siper</span> <span class='ocrx_word' id='word_1_130' title='bbox 171 1632 361 1696; x_wconf 65' lang='lat' dir='ltr'>‘vimnavibus</span> <span class='ocrx_word' id='word_1_131' title='bbox 379 1632 480 1685; x_wconf 90' lang='lat' dir='ltr'>flumen</span> <span class='ocrx_word' id='word_1_132' title='bbox 499 1632 611 1685; x_wconf 89' lang='lat' dir='ltr'>transire</span> <span class='ocrx_word' id='word_1_133' title='bbox 630 1639 766 1700; x_wconf 91' lang='lat' dir='ltr'>conentur,</span> <span class='ocrx_word' id='word_1_134' title='bbox 779 1630 926 1701; x_wconf 85' lang='lat' dir='ltr'>prohibeat.</span> <span class='ocrx_word' id='word_1_135' title='bbox 948 1632 992 1686; x_wconf 77' lang='lat' dir='ltr'>P.</span> 
     </span>
     <span class='ocr_line' id='line_1_21' title="bbox 69 1700 993 1769; baseline -0.001 -13"><span class='ocrx_word' id='word_1_136' title='bbox 69 1703 195 1756; x_wconf 80' lang='lat' dir='ltr'>Crassum</span> <span class='ocrx_word' id='word_1_137' title='bbox 215 1718 285 1754; x_wconf 50' lang='lat' dir='ltr'>curn¹</span> <span class='ocrx_word' id='word_1_138' title='bbox 299 1701 450 1755; x_wconf 88' lang='lat' dir='ltr'>cohortibus</span> <span class='ocrx_word' id='word_1_139' title='bbox 469 1700 620 1769; x_wconf 82' lang='lat' dir='ltr'>legionariis</span> <span class='ocrx_word' id='word_1_140' title='bbox 638 1701 701 1754; x_wconf 86' lang='lat' dir='ltr'>x11.&#39;</span> <span class='ocrx_word' id='word_1_141' title='bbox 717 1708 745 1753; x_wconf 90' lang='lat' dir='ltr'>et</span> <span class='ocrx_word' id='word_1_142' title='bbox 764 1717 862 1769; x_wconf 89' lang='lat' dir='ltr'>magno</span> <span class='ocrx_word' id='word_1_143' title='bbox 882 1717 993 1755; x_wconf 90' lang='lat' dir='ltr'>numero</span> 
     </span>
     <span class='ocr_line' id='line_1_22' title="bbox 69 1768 993 1842; baseline -0.002 -17"><span class='ocrx_word' id='word_1_144' title='bbox 69 1770 243 1842; x_wconf 76' lang='lat' dir='ltr'>equitatus-iu</span> <span class='ocrx_word' id='word_1_145' title='bbox 256 1771 430 1839; x_wconf 86' lang='lat' dir='ltr'>Aquitaniam</span> <span class='ocrx_word' id='word_1_146' title='bbox 449 1770 581 1840; x_wconf 85' lang='lat' dir='ltr'>proficisci</span> <span class='ocrx_word' id='word_1_147' title='bbox 597 1769 681 1840; x_wconf 89' lang='lat' dir='ltr'>jubet,</span> <span class='ocrx_word' id='word_1_148' title='bbox 693 1786 729 1823; x_wconf 91' lang='lat' dir='ltr'>ne</span> <span class='ocrx_word' id='word_1_149' title='bbox 741 1770 784 1823; x_wconf 90' lang='lat' dir='ltr'>his</span> <span class='ocrx_word' id='word_1_150' title='bbox 795 1787 830 1824; x_wconf 86' lang='lat' dir='ltr'>err</span> <span class='ocrx_word' id='word_1_151' title='bbox 841 1768 993 1825; x_wconf 83' lang='lat' dir='ltr'>nationibus</span> 
     </span>
     <span class='ocr_line' id='line_1_23' title="bbox 68 1839 993 1911; baseline -0.001 -17"><span class='ocrx_word' id='word_1_152' title='bbox 68 1841 170 1905; x_wconf 73' lang='lat' dir='ltr'>auxilia</span> <span class='ocrx_word' id='word_1_153' title='bbox 189 1840 220 1893; x_wconf 90' lang='lat' dir='ltr'>irr</span> <span class='ocrx_word' id='word_1_154' title='bbox 244 1840 360 1901; x_wconf 87' lang='lat' dir='ltr'>Galliam</span> <span class='ocrx_word' id='word_1_155' title='bbox 385 1841 529 1907; x_wconf 89' lang='lat' dir='ltr'>mittantur,</span> <span class='ocrx_word' id='word_1_156' title='bbox 554 1856 587 1892; x_wconf 90' lang='lat' dir='ltr'>ac</span> <span class='ocrx_word' id='word_1_157' title='bbox 617 1839 861 1901; x_wconf 78' lang='lat' dir='ltr'>tantae‘nationes⁴</span> <span class='ocrx_word' id='word_1_158' title='bbox 883 1840 993 1911; x_wconf 87' lang='lat' dir='ltr'>conjun-</span> 
     </span>
     <span class='ocr_line' id='line_1_24' title="bbox 68 1908 993 1980; baseline 0 -16"><span class='ocrx_word' id='word_1_159' title='bbox 68 1918 187 1978; x_wconf 77' lang='lat' dir='ltr'>ganton-</span> <span class='ocrx_word' id='word_1_160' title='bbox 209 1910 340 1969; x_wconf 76' lang='lat' dir='ltr'>Quintum</span> <span class='ocrx_word' id='word_1_161' title='bbox 360 1910 494 1962; x_wconf 86' lang='lat' dir='ltr'>Titurium</span> <span class='ocrx_word' id='word_1_162' title='bbox 515 1908 643 1962; x_wconf 83' lang='lat' dir='ltr'>Sabinum</span> <span class='ocrx_word' id='word_1_163' title='bbox 667 1909 787 1978; x_wconf 85' lang='lat' dir='ltr'>legatum</span> <span class='ocrx_word' id='word_1_164' title='bbox 809 1925 873 1964; x_wconf 89' lang='lat' dir='ltr'>cum</span> <span class='ocrx_word' id='word_1_165' title='bbox 893 1909 993 1980; x_wconf 56' lang='lat' dir='ltr'>legion*</span> 
     </span>
     <span class='ocr_line' id='line_1_25' title="bbox 69 1977 993 2050; baseline 0 -18"><span class='ocrx_word' id='word_1_166' title='bbox 69 1977 239 2041; x_wconf 82' lang='lat' dir='ltr'>ibus&#39;trihus</span> <span class='ocrx_word' id='word_1_167' title='bbox 259 1979 290 2032; x_wconf 86' lang='lat' dir='ltr'>in</span> <span class='ocrx_word' id='word_1_168' title='bbox 306 1978 423 2047; x_wconf 87' lang='lat' dir='ltr'>Unellos,</span> <span class='ocrx_word' id='word_1_169' title='bbox 445 1978 818 2048; x_wconf 80' lang='lat' dir='ltr'>CoriosolitasLexoviosque</span> <span class='ocrx_word' id='word_1_170' title='bbox 838 1980 918 2034; x_wconf 88' lang='lat' dir='ltr'>mittit</span> <span class='ocrx_word' id='word_1_171' title='bbox 946 1979 993 2050; x_wconf 80' lang='lat' dir='ltr'>qui</span> 
     </span>
     <span class='ocr_line' id='line_1_26' title="bbox 69 2048 992 2103; baseline 0 -1"><span class='ocrx_word' id='word_1_172' title='bbox 69 2049 264 2102; x_wconf 66' lang='lat' dir='ltr'>e&#39;a&#39;r&#39;n&#39;riranum</span> <span class='ocrx_word' id='word_1_173' title='bbox 282 2048 564 2102; x_wconf 70' lang='lat' dir='ltr'>distinendam&#39;curet.</span> <span class='ocrx_word' id='word_1_174' title='bbox 601 2049 745 2103; x_wconf 86' lang='lat' dir='ltr'>Decimum</span> <span class='ocrx_word' id='word_1_175' title='bbox 760 2049 872 2103; x_wconf 89' lang='lat' dir='ltr'>Brutum</span> <span class='ocrx_word' id='word_1_176' title='bbox 925 2050 992 2102; x_wconf 87' lang='lat' dir='ltr'>oles·</span> 
     </span>
     <span class='ocr_line' id='line_1_27' title="bbox 69 2117 993 2186; baseline 0.001 -15"><span class='ocrx_word' id='word_1_177' title='bbox 69 2127 178 2171; x_wconf 88' lang='lat' dir='ltr'>centem</span> <span class='ocrx_word' id='word_1_178' title='bbox 201 2117 282 2171; x_wconf 85' lang='lat' dir='ltr'>classi</span> <span class='ocrx_word' id='word_1_179' title='bbox 305 2118 468 2186; x_wconf 81' lang='lat' dir='ltr'>Gallicisque</span> <span class='ocrx_word' id='word_1_180' title='bbox 492 2118 612 2186; x_wconf 82' lang='lat' dir='ltr'>navibus,</span> <span class='ocrx_word' id='word_1_181' title='bbox 637 2135 705 2186; x_wconf 90' lang='lat' dir='ltr'>quas</span> <span class='ocrx_word' id='word_1_182' title='bbox 728 2135 764 2172; x_wconf 84' lang='lat' dir='ltr'>ex</span> <span class='ocrx_word' id='word_1_183' title='bbox 786 2119 942 2172; x_wconf 79' lang='lat' dir='ltr'>Pictonibus</span> <span class='ocrx_word' id='word_1_184' title='bbox 965 2126 993 2172; x_wconf 91' lang='lat' dir='ltr'>et</span> 
     </span>
     <span class='ocr_line' id='line_1_28' title="bbox 68 2186 991 2258; baseline -0.001 -18"><span class='ocrx_word' id='word_1_185' title='bbox 68 2187 192 2240; x_wconf 79' lang='lat' dir='ltr'>Santonis</span> <span class='ocrx_word' id='word_1_186' title='bbox 216 2186 377 2256; x_wconf 89' lang='lat' dir='ltr'>reliquisque</span> <span class='ocrx_word' id='word_1_187' title='bbox 401 2187 504 2256; x_wconf 91' lang='lat' dir='ltr'>pacatis</span> <span class='ocrx_word' id='word_1_188' title='bbox 527 2187 681 2255; x_wconf 85' lang='lat' dir='ltr'>regionibus</span> <span class='ocrx_word' id='word_1_189' title='bbox 703 2189 845 2240; x_wconf 89' lang='lat' dir='ltr'>convenire</span> <span class='ocrx_word' id='word_1_190' title='bbox 867 2188 991 2258; x_wconf 89' lang='lat' dir='ltr'>jusserat,</span> 
     </span>
     <span class='ocr_line' id='line_1_29' title="bbox 68 2256 991 2380; baseline 0 -70"><span class='ocrx_word' id='word_1_191' title='bbox 68 2257 190 2380; x_wconf 68' lang='lat' dir='ltr'>praeficit</span> <span class='ocrx_word' id='word_1_192' title='bbox 206 2265 233 2309; x_wconf 90' lang='lat' dir='ltr'>et</span> <span class='ocrx_word' id='word_1_193' title='bbox 251 2273 314 2314; x_wconf 87' lang='lat' dir='ltr'>eum</span> <span class='ocrx_word' id='word_1_194' title='bbox 332 2256 448 2325; x_wconf 88' lang='lat' dir='ltr'>primum</span> <span class='ocrx_word' id='word_1_195' title='bbox 466 2263 564 2325; x_wconf 89' lang='lat' dir='ltr'>posset,</span> <span class='ocrx_word' id='word_1_196' title='bbox 578 2256 604 2309; x_wconf 92' lang='lat' dir='ltr'>in</span> <span class='ocrx_word' id='word_1_197' title='bbox 620 2257 739 2310; x_wconf 86' lang='lat' dir='ltr'>Venetos</span> <span class='ocrx_word' id='word_1_198' title='bbox 755 2256 887 2327; x_wconf 88' lang='lat' dir='ltr'>proficisci</span> <span class='ocrx_word' id='word_1_199' title='bbox 905 2256 991 2326; x_wconf 87' lang='lat' dir='ltr'>jubet.</span> 
     </span>
     <span class='ocr_line' id='line_1_30' title="bbox 81 2324 604 2396; baseline 0 -18"><span class='ocrx_word' id='word_1_200' title='bbox 81 2343 130 2396; x_wconf 89' lang='lat' dir='ltr'>pse</span> <span class='ocrx_word' id='word_1_201' title='bbox 143 2343 175 2378; x_wconf 89' lang='lat' dir='ltr'>eo</span> <span class='ocrx_word' id='word_1_202' title='bbox 187 2324 357 2394; x_wconf 84' lang='lat' dir='ltr'>pedestribus</span> <span class='ocrx_word' id='word_1_203' title='bbox 368 2325 450 2395; x_wconf 89' lang='lat' dir='ltr'>copiis</span> <span class='ocrx_word' id='word_1_204' title='bbox 461 2324 604 2378; x_wconf 87' lang='lat' dir='ltr'>contendit.</span> 
     </span>
    </p>

    <p class='ocr_par' dir='ltr' id='par_1_3' title="bbox 70 2393 993 2534">
     <span class='ocr_line' id='line_1_31' title="bbox 106 2393 993 2464; baseline -0.001 -16"><span class='ocrx_word' id='word_1_205' title='bbox 106 2400 147 2448; x_wconf 84' lang='lat'>12.</span> <span class='ocrx_word' id='word_1_206' title='bbox 167 2396 250 2449; x_wconf 87' lang='lat' dir='ltr'>Erant</span> <span class='ocrx_word' id='word_1_207' title='bbox 262 2394 394 2464; x_wconf 82' lang='lat' dir='ltr'>ejusmodi</span> <span class='ocrx_word' id='word_1_208' title='bbox 412 2393 469 2446; x_wconf 82' lang='lat' dir='ltr'>fere</span> <span class='ocrx_word' id='word_1_209' title='bbox 488 2394 555 2447; x_wconf 86' lang='lat' dir='ltr'>situs</span> <span class='ocrx_word' id='word_1_210' title='bbox 572 2393 736 2464; x_wconf 89' lang='lat' dir='ltr'>oppidorum,</span> <span class='ocrx_word' id='word_1_211' title='bbox 749 2401 779 2446; x_wconf 87' lang='lat' dir='ltr'>ut</span> <span class='ocrx_word' id='word_1_212' title='bbox 797 2393 883 2462; x_wconf 86' lang='lat' dir='ltr'>posita</span> <span class='ocrx_word' id='word_1_213' title='bbox 901 2394 929 2447; x_wconf 91' lang='lat' dir='ltr'>in</span> <span class='ocrx_word' id='word_1_214' title='bbox 946 2410 993 2448; x_wconf 88' lang='lat' dir='ltr'>ex-</span> 
     </span>
     <span class='ocr_line' id='line_1_32' title="bbox 70 2462 992 2534; baseline -0.003 -17"><span class='ocrx_word' id='word_1_215' title='bbox 70 2463 164 2518; x_wconf 88' lang='lat' dir='ltr'>tremis</span> <span class='ocrx_word' id='word_1_216' title='bbox 176 2463 284 2534; x_wconf 85' lang='lat' dir='ltr'>lingulis</span> <span class='ocrx_word' id='word_1_217' title='bbox 301 2463 537 2534; x_wconf 85' lang='lat' dir='ltr'>pmmontoriisque</span> <span class='ocrx_word' id='word_1_218' title='bbox 555 2480 645 2532; x_wconf 89' lang='lat' dir='ltr'>neque</span> <span class='ocrx_word' id='word_1_219' title='bbox 662 2462 779 2532; x_wconf 90' lang='lat' dir='ltr'>pedibus</span> <span class='ocrx_word' id='word_1_220' title='bbox 793 2463 897 2517; x_wconf 90' lang='lat' dir='ltr'>aditum</span> <span class='ocrx_word' id='word_1_221' title='bbox 908 2462 992 2516; x_wconf 88' lang='lat' dir='ltr'>habe·</span> 
     </span>
    </p>
   </div>
   <div class='ocr_carea' id='block_1_3' title="bbox 68 2632 993 2766">
    <p class='ocr_par' dir='ltr' id='par_1_4' title="bbox 68 2632 993 2766">
     <span class='ocr_line' id='line_1_33' title="bbox 98 2632 993 2704; baseline 0.001 -11"><span class='ocrx_word' id='word_1_222' title='bbox 98 2645 183 2693; x_wconf 78' lang='lat' dir='ltr'>¹That</span> <span class='ocrx_word' id='word_1_223' title='bbox 195 2645 225 2701; x_wconf 91' lang='lat' dir='ltr'>is,</span> <span class='ocrx_word' id='word_1_224' title='bbox 238 2632 348 2704; x_wconf 89' lang='lat' dir='ltr'>opposite</span> <span class='ocrx_word' id='word_1_225' title='bbox 359 2653 385 2693; x_wconf 90' lang='lat' dir='ltr'>to</span> <span class='ocrx_word' id='word_1_226' title='bbox 396 2644 465 2692; x_wconf 88' lang='lat' dir='ltr'>those</span> <span class='ocrx_word' id='word_1_227' title='bbox 476 2643 599 2700; x_wconf 84' lang='lat' dir='ltr'>districts;</span> <span class='ocrx_word' id='word_1_228' title='bbox 616 2642 648 2691; x_wconf 89' lang='lat' dir='ltr'>he</span> <span class='ocrx_word' id='word_1_229' title='bbox 658 2643 776 2704; x_wconf 84' lang='lat' dir='ltr'>probably</span> <span class='ocrx_word' id='word_1_230' title='bbox 785 2658 870 2692; x_wconf 85' lang='lat' dir='ltr'>means</span> <span class='ocrx_word' id='word_1_231' title='bbox 886 2643 928 2693; x_wconf 90' lang='lat' dir='ltr'>the</span> <span class='ocrx_word' id='word_1_232' title='bbox 944 2644 993 2694; x_wconf 89' lang='lat' dir='ltr'>dis·</span> 
     </span>
     <span class='ocr_line' id='line_1_34' title="bbox 68 2702 654 2766; baseline -0.003 -14"><span class='ocrx_word' id='word_1_233' title='bbox 68 2704 139 2766; x_wconf 78' lang='lat' dir='ltr'>triets</span> <span class='ocrx_word' id='word_1_234' title='bbox 150 2704 372 2765; x_wconf 82' lang='lat' dir='ltr'>inhabitedby&#39;the</span> <span class='ocrx_word' id='word_1_235' title='bbox 384 2703 453 2752; x_wconf 84' lang='lat' dir='ltr'>allies</span> <span class='ocrx_word' id='word_1_236' title='bbox 464 2702 492 2751; x_wconf 86' lang='lat' dir='ltr'>of</span> <span class='ocrx_word' id='word_1_237' title='bbox 503 2702 545 2751; x_wconf 89' lang='lat' dir='ltr'>the</span> <span class='ocrx_word' id='word_1_238' title='bbox 557 2702 654 2751; x_wconf 86' lang='lat' dir='ltr'>Veneti.</span> 
     </span>
    </p>
   </div>
   <div class='ocr_carea' id='block_1_4' title="bbox 69 2788 995 2970">
    <p class='ocr_par' dir='ltr' id='par_1_5' title="bbox 69 2788 995 2970">
     <span class='ocr_line' id='line_1_35' title="bbox 96 2788 994 2851; baseline 0.003 -13"><span class='ocrx_word' id='word_1_239' title='bbox 96 2788 173 2840; x_wconf 70' lang='lat' dir='ltr'>&#39;The</span> <span class='ocrx_word' id='word_1_240' title='bbox 185 2792 273 2850; x_wconf 79' lang='lat' dir='ltr'>equites</span> <span class='ocrx_word' id='word_1_241' title='bbox 285 2791 377 2839; x_wconf 86' lang='lat' dir='ltr'>arethe</span> <span class='ocrx_word' id='word_1_242' title='bbox 389 2789 567 2847; x_wconf 85' lang='lat' dir='ltr'>ambassadors,</span> <span class='ocrx_word' id='word_1_243' title='bbox 574 2788 631 2839; x_wconf 89' lang='lat' dir='ltr'>who</span> <span class='ocrx_word' id='word_1_244' title='bbox 637 2803 702 2838; x_wconf 84' lang='lat' dir='ltr'>were</span> <span class='ocrx_word' id='word_1_245' title='bbox 710 2804 812 2849; x_wconf 88' lang='lat' dir='ltr'>persons</span> <span class='ocrx_word' id='word_1_246' title='bbox 820 2790 849 2840; x_wconf 82' lang='lat' dir='ltr'>of</span> <span class='ocrx_word' id='word_1_247' title='bbox 854 2792 994 2851; x_wconf 85' lang='lat' dir='ltr'>equestrian</span> 
     </span>
     <span class='ocr_line' id='line_1_36' title="bbox 69 2847 994 2913; baseline 0.004 -17"><span class='ocrx_word' id='word_1_248' title='bbox 69 2847 140 2904; x_wconf 80' lang='lat' dir='ltr'>rank,</span> <span class='ocrx_word' id='word_1_249' title='bbox 153 2849 200 2896; x_wconf 85' lang='lat' dir='ltr'>and</span> <span class='ocrx_word' id='word_1_250' title='bbox 211 2849 252 2897; x_wconf 85' lang='lat' dir='ltr'>the</span> <span class='ocrx_word' id='word_1_251' title='bbox 264 2851 370 2910; x_wconf 81' lang='lat' dir='ltr'>injuriae</span> <span class='ocrx_word' id='word_1_252' title='bbox 380 2859 522 2898; x_wconf 79' lang='lat' dir='ltr'>retentorum</span> <span class='ocrx_word' id='word_1_253' title='bbox 559 2851 636 2897; x_wconf 77' lang='lat' dir='ltr'>citum</span> <span class='ocrx_word' id='word_1_254' title='bbox 646 2850 666 2898; x_wconf 91' lang='lat' dir='ltr'>is</span> <span class='ocrx_word' id='word_1_255' title='bbox 677 2850 719 2898; x_wconf 91' lang='lat' dir='ltr'>the</span> <span class='ocrx_word' id='word_1_256' title='bbox 731 2864 815 2911; x_wconf 85' lang='lat' dir='ltr'>wrong</span> <span class='ocrx_word' id='word_1_257' title='bbox 825 2851 959 2913; x_wconf 85' lang='lat' dir='ltr'>consisting</span> <span class='ocrx_word' id='word_1_258' title='bbox 969 2852 994 2900; x_wconf 91' lang='lat' dir='ltr'>in</span> 
     </span>
     <span class='ocr_line' id='line_1_37' title="bbox 70 2908 995 2970; baseline 0.002 -14"><span class='ocrx_word' id='word_1_259' title='bbox 70 2908 281 2968; x_wconf 88' lang='lat' dir='ltr'>detainingthem,</span> <span class='ocrx_word' id='word_1_260' title='bbox 294 2909 396 2970; x_wconf 88' lang='lat' dir='ltr'>though,</span> <span class='ocrx_word' id='word_1_261' title='bbox 409 2909 482 2958; x_wconf 83' lang='lat' dir='ltr'>assat</span> <span class='ocrx_word' id='word_1_262' title='bbox 498 2925 524 2957; x_wconf 87' lang='lat' dir='ltr'>as</span> <span class='ocrx_word' id='word_1_263' title='bbox 540 2920 549 2956; x_wconf 93' lang='lat' dir='ltr'>t</span> <span class='ocrx_word' id='word_1_264' title='bbox 568 2909 673 2957; x_wconf 87' lang='lat' dir='ltr'>ewords</span> <span class='ocrx_word' id='word_1_265' title='bbox 690 2923 729 2957; x_wconf 87' lang='lat' dir='ltr'>are</span> <span class='ocrx_word' id='word_1_266' title='bbox 745 2909 888 2967; x_wconf 80' lang='lat' dir='ltr'>coheerned,</span> <span class='ocrx_word' id='word_1_267' title='bbox 902 2911 995 2960; x_wconf 84' lang='lat' dir='ltr'>Caesar</span> 
     </span>
    </p>
   </div>
   <div class='ocr_carea' id='block_1_5' title="bbox 70 2966 995 3077">
    <p class='ocr_par' dir='ltr' id='par_1_6' title="bbox 70 2966 995 3077">
     <span class='ocr_line' id='line_1_38' title="bbox 70 2966 995 3031; baseline 0.002 -17"><span class='ocrx_word' id='word_1_268' title='bbox 70 2966 123 3014; x_wconf 83' lang='lat' dir='ltr'>also</span> <span class='ocrx_word' id='word_1_269' title='bbox 138 2982 195 3027; x_wconf 82' lang='lat' dir='ltr'>may</span> <span class='ocrx_word' id='word_1_270' title='bbox 206 2966 286 3019; x_wconf 83' lang='lat' dir='ltr'>allude</span> <span class='ocrx_word' id='word_1_271' title='bbox 301 2977 328 3015; x_wconf 93' lang='lat' dir='ltr'>to</span> <span class='ocrx_word' id='word_1_272' title='bbox 338 2982 436 3031; x_wconf 76' lang='lat' dir='ltr'>uuougs</span> <span class='ocrx_word' id='word_1_273' title='bbox 451 2968 506 3016; x_wconf 86' lang='lat' dir='ltr'>that</span> <span class='ocrx_word' id='word_1_274' title='bbox 515 2983 580 3017; x_wconf 86' lang='lat' dir='ltr'>were</span> <span class='ocrx_word' id='word_1_275' title='bbox 590 2968 653 3017; x_wconf 90' lang='lat' dir='ltr'>done</span> <span class='ocrx_word' id='word_1_276' title='bbox 665 2977 690 3016; x_wconf 92' lang='lat' dir='ltr'>to</span> <span class='ocrx_word' id='word_1_277' title='bbox 700 2968 742 3018; x_wconf 88' lang='lat' dir='ltr'>the</span> <span class='ocrx_word' id='word_1_278' title='bbox 753 2970 922 3019; x_wconf 85' lang='lat' dir='ltr'>ambussadors</span> <span class='ocrx_word' id='word_1_279' title='bbox 933 2970 995 3018; x_wconf 83' lang='lat' dir='ltr'>after</span> 
     </span>
     <span class='ocr_line' id='line_1_39' title="bbox 70 3025 571 3077; baseline -0.028 -4"><span class='ocrx_word' id='word_1_280' title='bbox 70 3025 134 3077; x_wconf 82' lang='lat' dir='ltr'>their</span> <span class='ocrx_word' id='word_1_281' title='bbox 144 3025 277 3075; x_wconf 84' lang='lat' dir='ltr'>detentiou.</span> <span class='ocrx_word' id='word_1_282' title='bbox 341 3048 345 3058; x_wconf 92' lang='lat'><em>·</em></span> <span class='ocrx_word' id='word_1_283' title='bbox 399 3049 400 3052; x_wconf 63' lang='lat'><em>=</em></span> <span class='ocrx_word' id='word_1_284' title='bbox 525 3050 537 3056; x_wconf 34' lang='lat' dir='ltr'>&gt;s</span> <span class='ocrx_word' id='word_1_285' title='bbox 569 3055 571 3059; x_wconf 16' lang='grc' dir='ltr'><em>Α</em></span> 
     </span>
    </p>
   </div>
   <div class='ocr_carea' id='block_1_6' title="bbox 71 3091 995 3249">
    <p class='ocr_par' dir='ltr' id='par_1_7' title="bbox 71 3091 995 3249">
     <span class='ocr_line' id='line_1_40' title="bbox 100 3091 995 3180; baseline 0.006 -21"><span class='ocrx_word' id='word_1_286' title='bbox 100 3112 109 3141; x_wconf 80' lang='lat'><strong>¹</strong></span> <span class='ocrx_word' id='word_1_287' title='bbox 120 3111 145 3159; x_wconf 93' lang='lat' dir='ltr'><strong>A</strong></span> <span class='ocrx_word' id='word_1_288' title='bbox 157 3111 253 3180; x_wconf 69' lang='lat' dir='ltr'>Roman</span> <span class='ocrx_word' id='word_1_289' title='bbox 269 3113 350 3174; x_wconf 87' lang='lat' dir='ltr'>legion</span> <span class='ocrx_word' id='word_1_290' title='bbox 366 3113 489 3162; x_wconf 89' lang='lat' dir='ltr'>consisted</span> <span class='ocrx_word' id='word_1_291' title='bbox 504 3113 533 3162; x_wconf 85' lang='lat' dir='ltr'>of</span> <span class='ocrx_word' id='word_1_292' title='bbox 545 3122 587 3163; x_wconf 84' lang='lat' dir='ltr'>ten</span> <span class='ocrx_word' id='word_1_293' title='bbox 597 3091 711 3173; x_wconf 67' lang='lat' dir='ltr'>cohorte,</span> <span class='ocrx_word' id='word_1_294' title='bbox 721 3129 750 3164; x_wconf 83' lang='lat' dir='ltr'>so</span> <span class='ocrx_word' id='word_1_295' title='bbox 766 3114 818 3175; x_wconf 78' lang='lat' dir='ltr'>that</span> <span class='ocrx_word' id='word_1_296' title='bbox 831 3113 935 3164; x_wconf 70' lang='lat' dir='ltr'>Crassus</span> <span class='ocrx_word' id='word_1_297' title='bbox 946 3112 995 3164; x_wconf 76' lang='lat' dir='ltr'>had</span> 
     </span>
     <span class='ocr_line' id='line_1_41' title="bbox 71 3172 531 3249; baseline 0.007 -30"><span class='ocrx_word' id='word_1_298' title='bbox 71 3184 118 3224; x_wconf 88' lang='lat' dir='ltr'>one</span> <span class='ocrx_word' id='word_1_299' title='bbox 129 3180 205 3220; x_wconf 79' lang='lat' dir='ltr'>entire</span> <span class='ocrx_word' id='word_1_300' title='bbox 216 3172 297 3249; x_wconf 75' lang='lat' dir='ltr'>legion</span> <span class='ocrx_word' id='word_1_301' title='bbox 308 3173 356 3222; x_wconf 89' lang='lat' dir='ltr'>and</span> <span class='ocrx_word' id='word_1_302' title='bbox 366 3182 416 3225; x_wconf 83' lang='lat' dir='ltr'>two</span> <span class='ocrx_word' id='word_1_303' title='bbox 426 3174 531 3224; x_wconf 86' lang='lat' dir='ltr'>cohorts.</span> 
     </span>
    </p>
   </div>
   <div class='ocr_carea' id='block_1_7' title="bbox 100 3249 630 3380">
    <p class='ocr_par' dir='ltr' id='par_1_8' title="bbox 100 3249 630 3380">
     <span class='ocr_line' id='line_1_42' title="bbox 100 3249 630 3380; baseline 0.008 -73"><span class='ocrx_word' id='word_1_304' title='bbox 100 3257 237 3380; x_wconf 54' lang='lat' dir='ltr'>‘Negrelpn</span> <span class='ocrx_word' id='word_1_305' title='bbox 250 3259 292 3310; x_wconf 88' lang='lat' dir='ltr'>tlre</span> <span class='ocrx_word' id='word_1_306' title='bbox 304 3259 381 3310; x_wconf 81' lang='lat' dir='ltr'>Garris</span> <span class='ocrx_word' id='word_1_307' title='bbox 396 3260 445 3311; x_wconf 81' lang='lat' dir='ltr'>eud</span> <span class='ocrx_word' id='word_1_308' title='bbox 454 3249 630 3322; x_wconf 75' lang='lat' dir='ltr'>Aquitanicus.¹</span> 
     </span>
    </p>
   </div>
   <div class='ocr_carea' id='block_1_8' title="bbox 0 0 1078 3704">
    <p class='ocr_par' dir='ltr' id='par_1_9' title="bbox 0 0 1078 3704">
     <span class='ocr_line' id='line_1_43' title="bbox 0 0 1078 3704; baseline 0 0"><span class='ocrx_word' id='word_1_309' title='bbox 0 0 1078 3704; x_wconf 95' lang='lat' dir='ltr'> </span> 
     </span>
    </p>
   </div>
  </div>
 </body>
</html>
