2146 3704
384 143 388 149 .
436 134 438 137 -
471 115 617 157 ursan-ru
964 99 1005 161 67

79 217 249 293 deferebant,
263 222 339 294 quod
354 223 453 278 Nervii
466 225 620 296 antiquitus,
634 241 703 279 oum
720 225 842 296 equitata
853 225 927 282 nihil
944 244 1004 298 pos·

80 292 256 362 sentinaque
267 293 341 347 enirn
355 294 454 348 'ad-hoc
466 303 575 364 tempus
586 294 662 349 eirei
674 295 790 365 student,
810 296 858 350 sed
875 296 1004 377 quicquid

77 370 199 434 possunt,
215 362 389 432 ⁴pedestribus
406 365 498 418 valent
520 365 616 436 copiis)
633 382 688 435 quo
706 365 813 420 facilius
829 367 1004 423 finitimorum

77 431 230 501 equitatum
253 433 276 486 si
286 433 436 558 ξῃοάαῃάἱ
453 434 588 488 ωυεαάἀ
606 452 653 488 eos
668 436 814 506 venissent,
833 436 1002 516 impedirent,

81 501 181 576 teneris
198 519 240 575 ar,
263 503 284 556 ri
304 520 336 557 us
353 503 445 558 incisis
461 521 479 557 a
508 521 543 557 ue
556 502 670 575 inflexis,
683 504 784 560 crebris
792 506 1004 561 'inlatrtudinem

77 574 165 626 tamis
180 571 270 626 enatis
284 581 312 627 et
326 574 404 628 rubis
414 586 416 594 ·
427 575 497 628 senti
517 591 605 644 usque
625 573 781 646 interjectis,
800 575 954 646 effecerant,
974 585 1004 630 ut

78 639 162 714 instar
174 644 244 696 mari
253 642 306 697 bae
317 660 399 714 sepes
409 645 609 711 munimentum
616 644 783 716 praeberent,
792 662 846 716 quo
853 663 910 701 non
915 645 1004 701 modo¹

75 708 239 782 iritrari,sed
256 709 292 767 ne
302 712 426 784 'perspici
443 715 554 784 quidem
571 718 670 786 posset.
706 715 755 770 His
772 717 854 770 rebus
871 721 935 771 cum
952 717 1004 770 iter

75 782 199 849 agminis
216 783 312 836 nostri.
324 783 506 856 impediretur,
524 802 578 839 non
594 785 782 841 omittendum
792 787 845 842 sibi
861 787 1003 841 consilinm

72 850 416 924 ,Neruiiexistirnaverunt
439 899 441 902 ,
465 853 470 863 '
520 874 541 900 a

90 934 103 938 ··
115 926 158 977 18.
175 922 240 976 Luci
252 932 347 976 natura
359 933 416 977 erat
427 923 505 995 baec,
517 941 601 994 quem
613 924 704 980 locum
721 927 802 980 nostri
820 925 1002 981 castrisdele·

72 1000 188 1062 gerant:
200 992 277 1046 collis
288 993 323 1047 ab
336 994 452 1048 summo²
463 994 781 1065 aequaliter'declivisad
791 997 893 1051 flumen
902 997 1001 1069 Sabim,

161 1076 243 1134 supra
254 1064 459 1136 nominavimus,
473 1066 611 1135 vergebat.
630 1070 632 1073 ’
646 1066 691 1121 Ab
703 1083 735 1119 eo
747 1067 861 1121 flumine
878 1066 936 1137 pari
954 1067 1002 1120 ad-

141 1139 201 1186 tate
209 1133 288 1193 collis
296 1134 465 1206 nascebatur,
478 1135 609 1189 adversus
623 1134 688 1190 huic
699 1146 727 1190 et
738 1138 893 1206 contrarius,
905 1153 1002 1208 passus

72 1200 183 1272 circiter
190 1202 342 1274 'ducentos'
353 1204 463 1258 infimus
480 1215 596 1274 apertus,
608 1206 644 1260 ab
661 1206 796 1276 superiore
813 1216 890 1277 parte
908 1207 1001 1260 silves-

72 1271 133 1341 tris,
144 1280 175 1326 ut
187 1289 239 1327 rron
251 1273 333 1327 facile
351 1273 480 1327 introrsus
496 1275 612 1345 perspici
630 1283 730 1345 posset.
765 1276 838 1329 Intra
855 1293 903 1329 eas
920 1276 1002 1330 silvas

71 1338 169 1396 bootes
179 1343 207 1397 in
218 1344 324 1397 occulto
337 1360 399 1396 sese
410 1343 597 1397 continebant:
616 1343 644 1396 in
661 1352 754 1413 aperto
771 1343 831 1397 loco
850 1345 1001 1400 secundum

73 1410 179 1480 flumen
190 1430 294 1484 paucae
312 1413 441 1468 stationes
459 1413 581 1483 equitum
593 1412 762 1467 ridebantur.
798 1413 933 1468 Fluminis
945 1424 1002 1469 erat

73 1479 188 1551 altitudo
200 1483 301 1553 pedum
314 1483 417 1536 circiter
429 1484 518 1537 trium.
539 1550 540 1553 Ἴ
859 1487 861 1491 ’

71 1564 83 1589 ‘³2
113 1557 154 1605 19,
164 1551 389 1624 Caesarequitatu
397 1554 545 1624 praemisso
554 1552 769 1623 subsequebatur
777 1553 1005 1625 omnibuseopiis;

70 1620 125 1674 eed
142 1623 210 1676 ratio
227 1623 345 1694 ordoque
368 1624 485 1692 agminis
507 1623 586 1676 aliter
604 1640 634 1676 se
652 1623 769 1677 habebat
792 1641 825 1677 ac
843 1624 943 1693 Belgae
964 1624 1000 1678 ad

71 1690 190 1746 Nervios
200 1693 360 1746 detulerant.
379 1695 451 1748 Nam
459 1693 532 1764 quod
544 1693 581 1746 ad*
588 1692 680 1747 hostes
690 1693 928 1764 appropinquabat,
939 1711 1000 1749 corr·

72 1762 218 1816 suetudine
230 1780 279 1816 sua
288 1765 386 1817 Caesar
397 1780 446 1816 serr
459 1764 579 1833 legiones
590 1762 730 1834 expeditas
741 1763 872 1819 ducebat:
885 1773 1000 1836 posteas

59 1832 155 1897 'totius
172 1834 307 1886 exercitus
325 1833 520 1904 impedimenta
536 1832 692 1887 collocarat:
712 1833 775 1887 inde
786 1835 857 1889 duae
870 1835 997 1905 legiones,

72 1916 146 1970 quae
168 1903 289 1972 proxime
313 1905 480 1974 conscriptae
504 1914 586 1974 erant,
605 1912 692 1958 toturn
715 1921 813 1972 agmen
837 1905 999 1959 claudebant

71 1972 260 2042 praesidioque
270 1974 473 2043 impedimentis
482 1982 565 2028 erant.
598 1974 999 2044 Equitesnostricumfundito·

73 2040 148 2104 ribus
159 2043 356 2112 sagittariisque
368 2043 471 2098 flumen
484 2045 640 2112 transgressi
658 2060 722 2097 cum
740 2043 857 2099 hostium
875 2045 998 2115 equitatu

69 2111 206 2180 proelium
219 2115 421 2167 commiserunt.
458 2115 527 2167 Cum
545 2131 574 2167 se
593 2113 631 2166 illi
649 2113 797 2168 identidem
814 2116 843 2168 in
861 2114 952 2168 silvas⁴
963 2115 998 2168 ad

69 2194 137 2235 euos
145 2183 294 2252 reciperent
306 2201 339 2236 ac
351 2188 442 2237 rursus
451 2200 485 2237 ex
497 2183 565 2237 silva
577 2184 604 2237 in
616 2192 719 2236 nostros
728 2183 858 2253 impetum
869 2184 996 2254 facerent,

69 2265 163 2321 neque
174 2254 256 2307 nostri
275 2253 385 2322 longius,
399 2271 483 2323 qnam
501 2270 584 2324 quem
601 2252 637 2306 ad
654 2253 737 2305 finem
754 2257 884 2322 porrecta⁶
894 2271 927 2307 ac
939 2254 998 2306 loca

69 2330 165 2389 aperta
172 2323 349 2393 pertinebant,
359 2323 487 2376 cedentes
495 2323 604 2391 insequi
615 2321 754 2392 auderent,
764 2323 870 2375 interim
879 2323 998 2390 legiones

67 2406 133 2463 aex,
142 2409 213 2463 quae
225 2394 328 2463 primae
341 2400 477 2463 venerant,
491 2408 571 2462 opere
584 2391 707 2443 dimenso
719 2399 806 2457 castra
818 2392 924 2444 munire
936 2407 997 2444 coe·

93 2567 108 2604 ‘¹
117 2568 175 2624 Non
184 2578 327 2634 tondehere,
341 2593 369 2625 as
379 2576 404 2624 in
415 2589 489 2636 many
499 2575 571 2623 other
580 2589 707 2636 passages,
719 2573 740 2623 is
751 2573 812 2629 used
826 2575 864 2624 for'
872 2592 921 2625 aon
931 2579 998 2625 modo

68 2651 128 2697 aaa,
158 2637 206 2686 See
218 2637 318 2698 Zumpt,
329 2637 385 2685 Lat.
398 2636 488 2694 Graan,
501 2636 514 2687 i
526 2637 579 2692 724,
592 2636 616 2684 b.
689 2681 691 2685 ,

66 2726 80 2733 ”
98 2722 225 2783 ’Sumam
243 2725 350 2786 namely,
362 2726 425 2782 colli,
442 2722 516 2774 ‘from
528 2724 559 2772 its
570 2723 629 2784 top.¹

67 2799 72 2854 s
98 2811 235 2875 'Namoly,
247 2832 264 2878 o
272 2795 387 2877 flamines.-
406 2813 447 2862 the
459 2812 568 2873 opposite
585 2812 629 2861 hill
643 2812 776 2882 beginning
787 2813 871 2862 torisa
886 2820 910 2861 at
921 2827 937 2860 a
946 2811 995 2861 dis·

69 2879 140 2923 tanco
151 2873 180 2921 os
190 2876 264 2922 about
276 2884 326 2922 two
337 2872 448 2937 hundred
457 2888 530 2934 paces
541 2872 603 2922 from
614 2872 656 2921 the
667 2887 738 2922 river.

97 2962 199 3012 ‘Silvae
213 2963 271 3012 bere
289 2963 387 3012 are-the
403 2962 515 3023 parisos
529 2962 571 3010 the
586 2961 670 3018 forest,
687 2962 730 3010 the
747 2961 827 3010 whole
843 2959 871 3008 oi
888 2959 906 3008 it
922 2960 996 3023 being

69 3020 210 3072 afterwards
221 3023 355 3083 expressed
365 3025 399 3084 by
409 3025 480 3071 siloa
512 3022 559 3070 See
571 3021 604 3070 iii.
615 3024 653 3069 28.

96 3112 230 3162 ‘Porrecto
245 3122 333 3162 cannot
349 3097 445 3172 belong¹
454 3121 480 3174 to
495 3114 554 3166 locu,
567 3125 599 3158 on
614 3118 716 3159 account
732 3107 761 3156 ol
772 3108 803 3157 its
818 3109 933 3168 position,
946 3111 995 3161 aud

70 3180 134 3221 must
145 3174 177 3222 be
188 3173 263 3222 taken
273 3173 298 3221 in
309 3173 351 3221 the
362 3187 435 3221 sense
445 3171 474 3221 of
486 3187 501 3221 a
511 3169 676 3220 substantiae.
705 3167 834 3230 Compare
839 3169 940 3217 *iiim-
