2146 3704
470 115 563 157 masa
584 115 614 158 v.
949 97 1007 158 125

68 221 224 348 prohibitis,
249 221 415 294 Cenimagni,
439 223 598 295 Segontiaci,
619 223 764 294 Ancalites,
789 225 901 299 Bibroci,
922 230 1006 303 Cassi,

82 293 255 363 egationibus
273 293 364 346 missia
384 311 444 347 sese
462 295 571 348 Caesari
591 295 703 349 dedunt.
738 295 783 350 Ab
801 295 845 350 hia
863 303 1006 373 cognoscit,

69 381 127 418 non
146 361 227 431 longe
248 380 283 416 ex
304 380 336 416 eo
356 363 414 416 loco
434 364 572 434 oppidum¹
591 365 787 428 Cassivellauni
808 366 913 440 abesse,
933 371 1009 427 silvis

68 432 274 504 paludibusque
297 434 440 503 munitum,
461 451 514 504 quo
537 434 604 488 satis
625 452 742 503 magnus
765 435 906 492 hominum
929 457 1008 510 peoo-

69 504 165 573 risque
177 518 309 556 numerus
320 505 483 557 convenerit.
511 504 656 576 (Oppidum
669 514 763 564 autem
772 504 891 560 Britanni
899 522 1005 582 vocant,

69 588 161 643 quum
179 573 262 626 silvas
280 572 425 642 impeditas
441 573 512 627 vallo
529 584 611 643 atque
629 575 702 628 fossa
718 577 880 648 munierunt,
899 592 952 648 quo
969 581 1009 637 in·

71 643 206 697 cursionis
218 643 336 696 hostium
348 643 474 696 vitandae
490 661 573 697 causa
584 646 728 698 convenire
746 648 931 720 consuerunt.)
967 650 1009 707 Eo

68 712 253 782 proficiscitur
272 729 336 765 curn
357 712 522 781 legionibus:
549 713 640 768 locum
663 717 762 786 reperit
786 719 895 786 egregie
913 727 1009 779 natum

72 783 158 851 atque
176 798 256 852 opere
274 782 427 851 munitum,
447 796 538 838 tamen
556 783 629 838 hunc
646 785 753 840 duabus
771 804 807 841 ex
823 789 945 857 partibus
962 806 1008 860 op·

73 862 195 922 pugnare
216 852 363 906 contendit.
399 853 505 922 Hostes,
524 855 661 924 paulisper
682 857 786 927 morati,
809 857 927 914 militum
946 876 1008 914 nos-

74 927 177 975 trorum
197 921 331 992 impetum
350 939 403 976 non
424 923 541 976 tulerunt
560 941 675 994 seseque
695 926 749 978 alia
769 944 804 984 ex
822 937 898 996 parte
917 929 1009 999 oppidi

75 991 224 1061 ejecemut.
267 991 386 1060 Magnus
402 991 439 1046 ibi
458 1009 587 1047 numerus
603 995 709 1064 pecoris
726 1005 855 1067 repertus,
874 998 1009 1068 multique

75 1060 103 1114 in
115 1060 182 1129 fuga
194 1069 256 1114 sunt
268 1062 455 1132 comprehensi
466 1074 548 1133 atque
560 1064 703 1119 interfecti.
901 1116 902 1119 ,

112 1135 155 1182 22.
175 1131 247 1184 Dum
271 1131 339 1184 haec
364 1133 392 1186 in
414 1133 457 1186 his
480 1133 547 1186 locis
571 1143 705 1204 gematur,
731 1135 949 1191 Cassivellaunus
971 1136 1007 1191 ad

77 1200 211 1270 Cantium,
231 1201 302 1270 quod
321 1218 382 1254 esse
401 1203 435 1254 ad
455 1219 529 1256 mare
548 1220 628 1272 supra
645 1204 896 1274 demonstravimus,
910 1206 1009 1275 quibus

78 1270 231 1338 regionibus
258 1279 372 1339 quatuor
400 1287 478 1338 reges
505 1281 653 1341 praeerant,
683 1273 842 1341 Cingetorix,
869 1276 1007 1354 Carvilius,

77 1338 272 1408 Taximagulus
293 1341 422 1409 Segouax,
442 1341 554 1393 nuncios
573 1341 655 1393 mittit
673 1349 754 1409 atque
773 1340 816 1392 his
834 1343 955 1412 imperat,
969 1352 1009 1397 uti

72 1409 178 1462 >coactis
195 1378 320 1463 omnihus
339 1410 429 1479 copiis,
443 1418 531 1463 castra
548 1408 664 1462 navalia²
674 1408 709 1462 de
728 1408 871 1478 improviso
888 1411 1009 1467 adorian-

78 1486 121 1533 tur
140 1488 223 1548 atque
242 1488 406 1549 oppugnent.
442 1479 465 1533 Ii
485 1495 570 1547 quum
589 1478 624 1531 ad
646 1487 734 1531 castra
752 1479 897 1551 venissent,
916 1482 1008 1562 nostri,

80 1549 221 1618 eruptione
241 1549 322 1618 facta,
342 1549 436 1602 multis
454 1565 547 1602 eorum
566 1548 722 1618 intersectis,
736 1558 813 1619 capto
826 1550 912 1602 etiam
923 1551 1008 1604 nobili

78 1616 149 1671 duce
159 1618 325 1687 Lugotorige,
336 1635 399 1671 suos
411 1618 561 1671 incolumes
573 1617 744 1672 reduxerunt.
781 1619 1008 1691 Cassivellaunus,

79 1685 130 1741 hoc
155 1688 254 1758 proelio
274 1688 408 1757 nunciato,
430 1696 468 1741 tot
485 1688 653 1741 detrimentis
671 1687 799 1757 acceptis,
818 1689 929 1743 vastatis
950 1689 1009 1744 fini-

79 1755 138 1828 bus,
160 1758 280 1810 maxime
301 1759 384 1810 etiam
407 1766 543 1826 permotus
567 1756 719 1810 defectione
738 1758 885 1828 civitatum,
905 1758 1009 1828 legatos

79 1843 127 1895 per
143 1826 302 1880 Atrebatem
323 1828 477 1880 Commium
488 1827 528 1880 de
546 1827 681 1881 deditione
698 1826 734 1879 ad
753 1829 897 1882 Caesarem
916 1830 1008 1883 mittit.

80 1897 186 1962 Caesar,
200 1913 285 1964 quum
303 1898 440 1949 statuisset
458 1895 578 1950 hiemem
591 1898 618 1950 in
636 1897 782 1951 continenti
795 1907 902 1968 propter
914 1916 1009 1969 repen·

80 1967 150 2019 tiuos
162 1965 267 2019 Galliae
287 1974 376 2018 motus
392 1983 482 2036 agere,
491 1983 581 2034 neque
599 1967 715 2020 multum
727 1969 838 2021 aestatis
856 1976 1009 2038 superesset

79 2045 162 2106 atque
181 2035 209 2088 id
227 2034 306 2088 facile
325 2035 437 2087 extrahi⁸
448 2051 527 2102 posse
546 2036 714 2104 intelligeret,
728 2037 838 2090 obsides
855 2038 969 2107 imperat
981 2045 1010 2091 et

80 2105 153 2174 quid.
167 2105 193 2158 in
215 2122 299 2157 annos
319 2102 438 2172 singulos
459 2103 597 2170 vectigalis
617 2105 714 2174 populo
735 2107 854 2158 Romano
874 2107 1010 2160 Britannia

80 2174 218 2246 penderet,
237 2174 388 2226 constitnit:
407 2173 542 2226 interdicit
560 2182 641 2242 atque
658 2175 782 2242 imperat⁴
798 2175 1007 2246 Cassiuellauno,

80 2261 115 2297 ne
127 2244 318 2297 Mandubratio
330 2261 384 2296 neu
397 2242 605 2296 Trinobantibus
616 2252 719 2296 noceat.

26 2368 29 2376 ,
116 2319 158 2368 23.
177 2312 322 2367 Obsidibus
339 2313 464 2382 acceptis,
484 2313 632 2365 exercitum
650 2312 753 2365 reducit
770 2312 805 2365 ad
824 2329 906 2381 mare,
925 2330 1009 2366 naves

80 2383 184 2437 invenit
202 2383 326 2437 resectas.
363 2382 412 2461 His
424 2381 554 2450 deductis,
567 2381 639 2450 quod
655 2390 683 2434 et
695 2382 861 2451 captivorum
878 2399 1010 2450 magnum

110 2545 223 2592 ¹Where
239 2545 288 2592 this
305 2519 372 2592 toivn
383 2559 435 2591 was
450 2541 557 2590 situated
572 2549 660 2590 cannot
675 2541 786 2602 possibly
798 2541 827 2590 be
838 2539 953 2604 goessed,
965 2554 1010 2590 nor

82 2620 127 2652 can
137 2620 176 2652 we
188 2615 252 2652 trace
266 2603 380 2652 Caesar’s
392 2602 475 2650 march
485 2601 557 2650 north
567 2601 597 2649 of
608 2602 650 2650 the
662 2601 779 2650 Thomas.
959 2608 964 2618 ⁶

110 2680 120 2708 ²
132 2679 218 2734 Caetra
229 2681 334 2726 nonalia.
366 2679 414 2726 See
425 2678 494 2737 chap.
506 2680 541 2725 11.

110 2751 244 2820 'Retenta
260 2751 324 2820 ¹that
346 2752 375 2820 is,
396 2753 530 2820 camarado
551 2752 634 2813 perd&
660 2753 780 2799 estmlere
805 2748 945 2811 signifying,
971 2753 1009 2796 ‘to

81 2811 237 2919 gpgpdtpme
259 2827 284 2858 m
305 2821 439 2872 inaurivity,
457 2811 504 2858 and
524 2809 561 2859 sor
579 2826 611 2859 nc
628 2811 699 2859 other
715 2825 820 2870 purpose
841 2810 901 2857 than
921 2816 1009 2869 teget

112 2946 121 2973 ⁴
130 2943 187 2992 The
199 2953 249 2991 two
260 2943 340 2991 words
351 2945 472 2992 interdicit
487 2943 536 2992 and
546 2945 578 2992 im
607 2952 653 2999 rat,
666 2942 708 2990 the
718 2957 765 2990 one
776 2941 805 2989 os
811 2940 892 2988 edrich
904 2939 924 2987 is
935 2954 999 3000 nega

82 3000 132 3050 tiva
143 3003 191 3051 and
202 3003 243 3050 the
255 3002 325 3049 other
332 3004 444 3061 positive,
453 3018 554 3062 express
586 3002 679 3050 aesar's
688 3000 818 3049 commend
828 3000 853 3046 in
863 2999 905 3046 the
913 3008 1009 3060 strong·

82 3070 121 3110 est
133 3078 172 3109 wa
191 3062 342 3121 ,indicating
358 3061 417 3110 both
428 3063 495 3111 what
510 3063 541 3110 he
553 3061 647 3110 wished
665 3069 691 3107 to
708 3061 738 3108 bc
753 3058 825 3114 done,
837 3058 885 3105 and
896 3058 962 3107 what
976 3058 1010 3107 ha
1029 3075 1030 3079 ¹

83 3121 161 3169 wislae
198 3131 240 3169 not
259 3131 284 3167 to
302 3122 333 3168 be
352 3120 422 3168 done.
454 3123 509 3170 The
521 3122 603 3174 clause
614 3119 696 3170 which
710 3117 808 3168 itrlluws
818 3117 880 3167 with
890 3136 928 3178 oe,
939 3118 1008 3169 how·

84 3193 151 3239 ever,
163 3181 208 3230 has
219 3180 343 3231 reference
353 3180 411 3241 only
422 3189 448 3229 to
457 3182 588 3230 wardiam
