2146 3704
456 116 548 158 mauu
568 117 627 158 vn
838 127 841 132 ·
939 97 1000 157 15⁷⁴

73 225 194 282 habetur¹
218 223 375 295 fructusque
399 234 554 279 servanturz
577 235 637 279 uter
660 241 754 279 eorum
777 226 833 278 vita
856 223 995 295 superarit,

70 297 102 352 ad
118 312 185 348 eum
201 312 264 366 pars
280 295 417 364 utriusque
435 313 499 349 curn
515 296 646 349 fructibus
662 295 829 364 superiorum
844 303 996 366 temporum

105 366 199 419 rvenit.
236 364 292 418 Viri
317 366 345 418 in
369 381 473 433 uxores,
493 364 562 418 sicut
589 364 617 417 in
643 365 749 433 liberos,
768 365 840 417 vitae
866 366 995 435 necisque

70 384 170 489 bibent
188 443 365 504 potestatem:
392 442 419 486 et
438 451 527 514 quum·
545 443 621 504 pater
639 434 766 505 familiae,
777 434 919 487 illustriore
937 435 995 488 loco

69 514 156 574 natus,
170 503 297 574 decessit,
312 503 371 574 ejus
388 505 528 573 propinqur
541 504 710 572 conveniunt,
725 514 759 573 et,
773 505 807 557 de
820 512 905 556 morte
918 505 940 557 si
953 522 996 558 res

69 575 96 628 in
107 573 293 644 suspicionem
305 573 386 642 venit,
401 573 435 624 de
448 573 574 626 uxoribus
589 573 617 627 in
634 574 762 627 servilem
777 573 888 626 modum
900 576 996 642 quaes·

69 645 173 697 tionem
196 642 304 712 habent,
323 651 351 696 et
374 642 397 694 si
421 653 590 710 compertum
613 644 673 712 est,²
691 644 744 712 igni
766 652 848 713 atque
871 644 996 698 omuibus

69 713 211 768 tormentis
228 712 396 764 excruciatas
419 711 589 765 interficiunt.
627 713 733 766 Funera
757 723 818 766 sunt
843 729 889 782 pro
912 713 997 767 cultu⁸

69 783 215 838 Gallorum
224 781 367 850 magnifica
383 789 410 833 et
426 789 578 850 sumtuosa,
596 783 747 853 omniaque,
758 799 829 852 quae
837 783 907 837 viris
922 782 996 838 cordi

68 851 154 907 fuisse
179 852 346 920 arbitrantur,
372 851 399 903 in
425 851 515 918 ignem
541 852 665 922 inferunt,
688 852 772 905 etiam
794 853 936 906 animalia:
962 869 996 907 ao

70 921 159 991 paullo
178 938 258 990 snpra
276 921 347 974 hanc
364 920 533 973 memoriam⁴
551 923 621 974 servi
640 932 667 977 et
685 923 805 993 clientes,
825 939 892 991 quos
909 923 944 977 ab
962 924 996 976 iis

54 1056 56 1062 Α
68 991 182 1114 (gestos
194 1007 255 1044 esse
267 990 413 1060 constabat,
425 989 512 1059 justis⁶
523 990 662 1044 funeribus
678 992 815 1063 confectis,
828 1009 881 1045 una
893 1010 995 1047 crema·

104 1069 174 1114 ntur.

103 1135 147 1182 20,
165 1129 241 1188 erae
257 1129 380 1182 civitates
397 1129 574 1189 commodius⁶
587 1147 665 1184 suam
680 1148 738 1186 rem
755 1130 892 1200 publicam
909 1130 995 1185 admi·

68 1199 181 1252 nistrare
200 1199 392 1267 existimantur,
415 1199 515 1252 babent
535 1199 641 1268 legibus
660 1209 792 1270 sanctum,
806 1201 829 1253 si
847 1201 909 1270 quis
929 1201 995 1282 quid

68 1270 102 1322 de
122 1286 150 1322 re
168 1268 276 1337 publica
293 1286 310 1320 a
328 1268 450 1321 finitimis
474 1285 579 1321 rumore
597 1287 631 1321 ac
648 1270 722 1324 sama
739 1271 882 1339 acceperit,
901 1280 941 1323 utr
956 1271 994 1324 ad

67 1339 254 1407 magistratum
273 1337 385 1406 deserat,
404 1354 473 1390 neve
491 1354 555 1388 curn
573 1354 625 1405 quo
644 1339 696 1390 alio
710 1340 903 1391 communicet:
923 1339 994 1407 quod

68 1425 150 1478 saepe
168 1407 293 1460 homines
311 1408 468 1459 temerarios
485 1414 567 1475 atque
591 1407 727 1476 imperitos
751 1406 826 1459 falsis
843 1408 994 1461 rumoribus

69 1477 159 1530 terreri
177 1485 205 1528 et
223 1477 258 1529 ad
277 1476 382 1528 facinus
399 1475 509 1544 impelii,
524 1483 551 1528 et
568 1473 603 1527 de
620 1476 736 1529 summis
753 1475 834 1528 rebus
851 1476 994 1531 consilium

67 1563 165 1616 capere
178 1547 316 1614 cognitum
329 1554 378 1597 est.
398 1572 399 1575 ¹
415 1546 596 1614 Magistratus,
608 1561 678 1614 quae
690 1546 748 1598 visa
762 1553 830 1614 sunt,
844 1545 993 1616 occultant;

68 1633 136 1686 quae
157 1632 191 1668 ne
210 1633 271 1668 esse
290 1632 324 1667 ex
341 1632 392 1668 usu
409 1614 591 1693 judicaverint,
612 1614 776 1667 multitudini
794 1614 916 1683 produnt.
952 1617 993 1670 De

68 1701 95 1738 re
108 1634 217 1753 publiea
229 1684 282 1737 nisi
294 1685 351 1752 per⁷
362 1684 507 1736 concilium
520 1683 657 1752 loqurnon
668 1684 832 1737 conceditur.

102 1760 145 1807 21.
164 1755 293 1808 Germani
308 1753 425 1807 multum
439 1752 475 1807 ab
491 1752 543 1806 hac
559 1753 752 1807 consuetudine
768 1753 909 1807 differunt:
929 1771 994 1809 narn

69 1841 156 1893 neque
186 1823 300 1876 Druides
325 1822 432 1893 habent,
457 1823 504 1891 qui
529 1823 610 1877 rebus
636 1823 735 1876 divinis
760 1824 884 1894 praesint,
904 1841 993 1894 neque

69 1893 206 1947 sacrificiis
224 1893 351 1946 student.⁸
386 1894 503 1946 Deorum
522 1910 633 1947 numero
651 1910 698 1946 eos
716 1893 786 1947 solos
802 1894 914 1964 ducunt,
926 1911 994 1963 quos

68 1971 178 2016 cernunt
194 1970 221 2015 et
238 1979 351 2031 quorum
369 1972 461 2031 aperte
479 1963 575 2032 opibus
591 1962 723 2034 juvantur,
744 1963 832 2018 Solem
851 1972 878 2017 et
895 1963 993 2017 Vulca-

69 2035 142 2086 num⁹
154 2041 182 2085 et
194 2033 314 2085 Lunam:
335 2032 450 2101 reliquos
463 2049 496 2084 ne
508 2032 582 2085 fama
594 2032 704 2101 quidem
717 2035 907 2104 acceperunt.¹⁰
930 2034 994 2086 Vita

68 2102 155 2155 omnis
166 2102 194 2155 in
207 2100 394 2154 venationibus
410 2110 491 2170 atque
510 2101 538 2154 iu
556 2101 654 2155 studiis
666 2103 704 2155 rei
722 2103 844 2156 militaris
855 2103 991 2157 consistit:

68 2218 102 2229 —

95 2271 336 2359 :Ratiooemhabera
352 2275 392 2339 “to
400 2271 527 2319 calculate’
538 2286 565 2320 or
576 2272 682 2320 ‘reckon
689 2271 706 2329 ;’
712 2273 814 2378 (ramas
824 2273 844 2320 is
855 2273 990 2341 ‘interest’

115 2331 218 2390 Supply‚
235 2331 302 2377 ‘that
314 2330 395 2378 which
406 2346 457 2377 was
469 2331 601 2390 suspected
609 2332 626 2388 ;'
640 2346 710 2378 name
722 2346 746 2391 y,
758 2332 810 2379 that
822 2332 864 2380 the
876 2333 932 2381 wlfe
944 2334 992 2383 hod

69 2391 157 2438 caused
169 2390 211 2437 the
223 2389 295 2437 death
307 2389 334 2436 of
342 2390 385 2437 her
396 2390 514 2436 husband.

95 2450 105 2478 ⁸
116 2449 295 2508 ‘Considering
306 2449 347 2496 the
360 2463 460 2496 manner
470 2448 495 2494 in
506 2447 587 2495 which
597 2448 638 2495 the
651 2447 728 2496 Gauls
740 2448 805 2496 live'

95 2509 181 2589 *Thur
193 2509 222 2564 is,
239 2513 294 2555 ‘not
306 2508 363 2567 long
374 2507 455 2555 before
467 2507 508 2554 the
520 2507 579 2554 time
591 2507 619 2554 of
630 2506 711 2554 which
722 2523 760 2555 we
777 2507 839 2555 hare
855 2523 903 2569 any
914 2509 990 2559 recol·

44 2604 46 2607 V
68 2564 286 2696 Quibuscum
302 2641 342 2693 are
359 2626 430 2672 those
441 2623 535 2730 funpral
551 2625 610 2672 rites
622 2624 711 2681 which,
724 2627 758 2685 by
769 2625 810 2674 the
822 2626 883 2676 laws
894 2627 923 2676 of
935 2627 989 2677 reli·

67 2686 282 2800 glqrdoihlrhbdddrr?
294 2684 588 2800 hhldieiisfo‘bbitbifr'hor
608 2747 689 2790 ‘rnore
708 2745 831 2805 regularly
841 2746 858 2794 :'
881 2748 988 2808 namely‚

66 2803 229 2910 thppppiffirpe
241 2861 380 2921 designatos
391 2861 450 2909 both
462 2860 503 2908 the
515 2876 616 2909 manner
626 2860 673 2910 and
685 2878 739 2922 way
751 2863 776 2911 in
786 2862 876 2921 which,
889 2865 937 2913 end
947 2865 990 2913 the

67 2921 125 2969 tirno
137 2931 161 2969 ut
173 2919 262 2974 which,
276 2920 394 2980 anything
404 2921 426 2967 is
437 2919 507 2967 done.

94 2980 196 3040 ⁸Neqrre
206 2982 302 3026 student
311 2981 444 3040 sacrificiis,
460 2983 517 3026 ‘nor
525 2994 565 3026 are
574 2978 634 3038 they
641 2978 714 3026 much
724 2980 798 3040 given
807 2989 832 3027 to
840 2981 962 3030 sacrifices
970 2982 988 3041 ς’

66 3043 161 3125 studere
172 3037 313 3105 signisying‚
329 3044 369 3085 ‘to
380 3053 469 3106 pursue
481 3038 576 3144 athinp
586 3037 646 3084 with
658 3038 727 3085 real!

32 3128 37 3133 -
119 3097 243 3146 Vulcanus
255 3113 276 3144 rs
288 3098 329 3144 the
341 3097 562 3155 personrficatrono
584 3096 634 3144 fire.

94 3158 113 3188 ¹⁰
124 3157 197 3205 ‘The
208 3155 280 3203 other
290 3156 351 3217 gods
364 3154 423 3217 they
434 3156 465 3204 do
475 3164 517 3203 not
529 3155 603 3205 lrnow
615 3169 677 3203 even
687 3153 749 3204 from
759 3156 880 3220 hearsey.'

155 3226 183 3274 rt
