2146 3704
76 176 118 239 m
380 195 421 236 uu
442 194 539 239 emto
559 191 696 236 eunuco.

77 302 220 359 hominurn
237 318 351 358 numero
369 303 477 373 valere3
495 303 545 358 hos
561 317 639 373 posse
657 300 790 356 conficere
806 306 912 355 minata
924 300 1001 359 mitis

78 381 194 443 centurn,
213 373 345 444 pollicitos
363 389 398 427 ex
416 389 448 426 co
467 389 578 429 numero
596 370 848 440 electasexaginte,
865 371 1002 442 totiusque

77 441 141 496 belli
153 443 296 512 imperium
308 442 361 496 sibi
372 442 514 512 postulare.
540 441 697 496 Suessiones
709 457 772 494 suos
783 457 844 495 esse
857 440 1001 512 finitimos3

76 511 144 565 lines
163 513 309 567 latissimos
328 512 561 582 feracissimosque
579 527 657 581 agros
675 509 821 580 possidere.
857 510 939 579 Apud
953 527 1001 567 eos

76 581 159 637 tuisse
173 599 264 651 regern
277 591 366 635 nostra
378 582 461 636 etiam
472 581 602 636 memoria
619 581 789 649 Divitiacum,
803 578 884 633 totius
896 579 1001 633 Galliae

76 652 300 733 potentissimum
313 651 360 720 qui
371 668 436 706 curn
447 667 562 720 magnae
574 650 655 731 partis
666 649 763 705 harum
779 649 928 719 regionum,
943 659 1000 705 turn

75 721 159 776 etiam
182 721 334 777 Britanniae
357 721 502 791 imperium
525 721 685 775 obtinuerit:
716 736 789 773 nunc
815 734 876 771 esse
906 734 1001 788 regem

75 789 206 846 Galbam:
236 791 271 846 ad
295 790 367 845 hunc
390 800 497 861 propter
520 789 651 860 justitiam
693 787 898 857 rudentiamqne
921 796 1000 844 suam

76 860 157 914 totius
168 861 233 915 belli
246 877 381 914 summam
391 860 512 914 omnium
520 807 699 933 voluntatede
712 857 781 927 erri3
792 857 890 927 oppida
898 856 1000 913 habere

75 945 187 983 numero
209 947 270 999 x11.‚
290 929 409 1000 polliceri
432 929 508 983 rnilia
530 938 634 984 armata
672 926 863 1006 uinqnagintap
885 927 1000 985 totidem

75 997 196 1070 Nervios,
206 999 252 1070 qui
264 999 385 1054 maxime
396 999 446 1054 feri
458 999 527 1053 inter
538 999 611 1070 ipsos
621 946 778 1067 habeantur,
788 996 1000 1067 longissimeque

74 1066 179 1138 absint3
197 1069 352 1139 quindecim
370 1068 445 1122 milia
462 1069 615 1138 Atrebates,
634 1067 783 1124 Ambianos
794 1083 822 1121 x.
842 1065 899 1120 mili
938 1067 999 1122 Mo·

74 1136 147 1192 rinos
164 1156 230 1193 xxv.
250 1138 332 1209 milia,
350 1137 494 1208 Menapios
505 1154 557 1194 ru.
568 1138 651 1207 milia,
664 1138 771 1192 Caletos
781 1154 809 1191 x.
822 1135 906 1207 milia,
944 1137 999 1192 elo·

74 1223 167 1261 casses
178 1215 206 1262 et
218 1208 421 1263 Veromanduos
432 1208 551 1275 totidem,
564 1207 721 1262 Aduatucos
738 1206 836 1261 decern
854 1214 882 1260 et
899 1223 999 1265 novem

73 1276 166 1348 milia3
185 1276 343 1349 condrusos,
364 1278 512 1348 Eburones,
531 1278 684 1347 Caeroesos‚
704 1277 861 1346 Paemanos‚
879 1275 928 1346 qni
943 1282 999 1333 nno
1053 1302 1057 1308 ·

73 1347 182 1401 nomine
194 1347 322 1403 Germani
333 1346 509 1419 appellantur,
521 1346 650 1401 arbitrari¹
661 1347 697 1400 ad
708 1363 753 1401 xe.
765 1345 852 1400 milia.
925 1407 929 1417 ,

109 1421 135 1471 5.
153 1418 255 1472 Caesar·
270 1418 370 1472 Remos
389 1416 541 1471 cohortatus
560 1416 757 1487 liberaliterque
774 1415 999 1496 oratione-prose·

73 1487 163 1541 cutus¹
173 1504 282 1541 omnem
299 1495 422 1541 senatum
438 1485 472 1540 ad
488 1504 517 1540 se
529 1486 673 1540 convenire
685 1485 889 1557 principumque
901 1484 999 1543 liberos

72 1554 182 1611 obsides
199 1558 234 1611 ad
255 1575 285 1612 se
304 1557 404 1612 adduci
426 1556 510 1611 'assit
546 1557 623 1616 Quae
635 1555 726 1611 omnia
742 1555 778 1609 ab
795 1555 839 1610 his
856 1554 999 1624 diligenter

72 1625 108 1679 ad
127 1626 202 1681 diem
218 1627 301 1681 lacta⁸
317 1637 388 1683 suut.
437 1644 485 1698 pse
503 1626 668 1681 Divitiacum
687 1625 817 1680 Aedunm
834 1641 998 1697 magnopere

73 1693 225 1750 cohortatus
244 1696 331 1768 docet,
352 1705 452 1766 quanto
472 1712 552 1767 opere
576 1696 614 1750 rei
638 1694 773 1766 publicae⁴
791 1695 998 1766 communisque

73 1764 167 1819 salutis
184 1765 288 1820 intersit
305 1783 403 1820 manus
421 1765 540 1820 hostium
558 1766 694 1836 distinere,
707 1781 819 1819 uacum
836 1772 911 1819 tanta
927 1765 998 1821 rnul-

73 1833 187 1888 titudine
210 1852 263 1889 uno
285 1844 408 1906 tempore
430 1835 632 1904 confligendum
654 1835 698 1889 sit.
734 1833 765 1888 Id
788 1834 847 1888 fieri
865 1850 952 1906 posse,
973 1835 998 1890 si

72 1918 136 1956 suas
159 1904 251 1974 copias
273 1904 363 1959 Aedui
386 1905 414 1958 in
436 1905 506 1959 fines
528 1904 731 1960 Bellovacorum
753 1903 946 1959 introduxerint
967 1912 998 1962 et

72 1987 167 2026 eorum
186 1988 265 2042 agros
284 1974 404 2043 populari
423 1975 569 2044 coeperint.
604 1974 654 2028 llis
671 1973 807 2028 mandatis
827 1991 890 2028 enm
910 1975 946 2031 ab
965 1991 996 2032 se

71 2041 190 2096 dimittit.
227 2043 373 2112 Postquam
390 2059 485 2097 omnes
501 2043 647 2112 Belgarum
663 2043 754 2114 copias
769 2044 796 2098 in
808 2061 894 2098 unum
905 2044 996 2101 locum

71 2120 179 2165 coactas
189 2111 225 2165 ad
238 2106 558 2184 sevenirdvidit,⁸neque
568 2112 626 2183 jam
634 2113 817 2182 lougeabesse
825 2112 860 2167 ab
868 2113 919 2184 his,
927 2132 997 2185 quos

70 2180 190 2252 miserat,
200 2181 410 2252 exploratoribus
421 2190 449 2236 et
460 2183 495 2237 ab
503 2183 735 2253 Remiacognovit,
745 2183 847 2237 flumen
854 2185 998 2256 Axonam?

71 2250 144 2320 qnod
163 2259 205 2304 est
222 2251 250 2306 in
268 2251 397 2306 extremis
414 2253 560 2308 Remorum
574 2252 680 2324 finibus,
693 2253 842 2308 exercitum
855 2254 996 2309 traducere

100 2439 108 2466 ¹
120 2435 237 2497 Namely‚
249 2435 320 2485 Remi
329 2453 355 2485 ee
364 2420 471 2485 dicebant
478 2453 488 2494 ,·
506 2437 577 2485 these
592 2435 668 2485 tribes
684 2452 753 2486 seem
763 2445 806 2487 not
817 2445 843 2485 to
853 2436 916 2486 have
931 2438 995 2486 been

70 2505 169 2555 present
186 2504 211 2545 at
226 2495 269 2545 the
285 2496 395 2557 meeting
409 2495 439 2544 os
449 2496 492 2545 the
508 2495 610 2557 Belgae,
628 2495 730 2545 whence
746 2495 789 2545 the
803 2496 881 2546 'Remi
896 2511 937 2546 arc
951 2506 994 2546 not

70 2555 138 2616 quite
148 2555 241 2605 certain
251 2557 326 2605 about
335 2555 378 2604 the
389 2557 492 2605 number
503 2555 532 2604 oi
538 2555 602 2604 their
612 2555 699 2605 forces.

68 2640 226 2762 ffizl'sshspltipip,
240 2643 345 2705 ‘having
355 2642 381 2692 in
390 2641 430 2693 hia
440 2642 531 2704 speech
541 2643 629 2693 shown
644 2642 714 2692 thern
728 2651 797 2706 preat
813 2641 934 2693 ltindnesa
947 2642 996 2695 ant

69 2787 182 2903 8816ίὲιί
193 2788 236 2895 tvlpie
247 2803 309 2896 ἔζη
319 2787 386 2849 day)
398 2788 507 2850 namely,
519 2789 601 2838 which
613 2788 706 2838 Caesar
722 2788 771 2838 hed
781 2774 848 2839 lixed
864 2789 902 2839 for
917 2788 996 2841 them.

71 2934 239 3045 Rgmetlpp
248 2933 386 3044 {madi
390 2936 502 3015 whereas
516 2937 645 2985 mamertia
660 2936 749 2985 colonie
758 2935 835 2986 resera
845 2944 872 2985 to
881 2935 942 2986 both
952 2934 995 2986 the

100 3081 186 3131 'That
201 3082 231 3139 is.
246 3082 334 3130 ‘when
349 3080 380 3130 he
396 3080 445 3130 had
460 3081 535 3130 heard
551 3082 569 3130 it
584 3081 647 3130 from
662 3081 705 3130 the
721 3081 815 3142 Remi‚’
827 3082 883 3142 eud,
896 3060 991 3132 accord·

72 3140 149 3204 ingly‚
161 3157 214 3192 was
224 3157 252 3190 as
262 3141 354 3190 certain
365 3157 393 3190 as
402 3141 424 3190 it
431 3141 462 3190 he
473 3141 521 3191 had
531 3156 592 3190 seen
601 3142 620 3190 it
631 3140 739 3190 himself.

101 3229 177 3281 'The
187 3231 274 3282 Αωοπα
284 3231 305 3280 io
316 3229 470 3302 the'modern
481 3229 560 3278 Aiane
572 3228 598 3278 in
609 3228 777 3292 champagne.
