2146 3704
60 235 121 296 212
363 251 406 292 na
426 250 523 293 annno
544 248 679 299 eunuco.

59 369 187 416 artantur.
222 358 293 414 Tum
305 358 432 416 Germani
443 358 532 414 acrius
542 374 628 428 nsque
640 355 675 410 ad
687 353 850 410 munitiones
865 370 980 426 sequun-

61 442 112 486 tur.
149 430 192 484 Fit
220 447 320 499 magna
348 429 462 484 caedes:
488 427 614 498 nonnulli,
641 425 741 479 relictis
769 425 855 495 euis,
880 426 981 482 fossam

60 500 174 555 transire
194 512 222 553 et
245 499 391 554 maceriam
415 497 603 552 transcendere
626 504 761 549 conantur.
819 493 924 548 aullum
942 494 981 548 le·

60 571 155 639 giones
170 571 275 640 Caesar,
293 586 362 639 quas
380 586 426 639 pro
444 568 514 621 vallo
530 565 709 634 constituerat,
747 564 878 618 removeri
896 563 981 634 jubet.

60 641 122 695 Non
139 641 237 709 minus,
257 639 304 708 qui
321 639 390 692 intra
408 638 572 692 munitiones
589 644 671 705 eraut,
689 636 713 688 G
741 634 760 687 li
777 633 982 704 perturbantur;

64 710 150 764 veniri
169 709 203 763 ad
223 725 252 762 se
273 708 416 761 confestim
435 707 627 776 existimantes,
648 705 683 758 ad
702 721 778 757 arma
797 703 982 773 conclamant;

60 779 182 833 nonnulli
211 778 343 848 perterriti
372 777 400 831 in
428 775 558 846 oppidum
587 775 744 844 irrumpunt.
779 772 982 841 Vercingetorix

60 858 151 919 portas
166 848 243 918 jubet
259 846 357 917 claudi,
376 863 411 899 ne
428 853 516 899 castra
533 843 676 897 nudentur.
711 842 808 896 Multis
825 841 980 915 interfectis,

60 917 242 987 compluribus
254 917 332 986 equis
343 915 437 985 captis,
450 913 579 968 Germani
590 929 652 966 sese
664 912 804 982 recipiunt.
856 928 857 933 ¹

97 992 140 1039 71.
162 984 367 1054 Vercingetorix,
380 984 535 1053 priusquam
552 982 716 1037 munitiones
732 982 767 1036 ab
781 981 909 1035 Romania
925 998 982 1052 per·

60 1055 191 1122 ficiuntur,
204 1053 347 1108 consilium
364 1053 444 1124 capit,
457 1070 566 1106 omnem
584 1052 619 1105 ab
637 1069 667 1105 se
685 1050 834 1121 equitatum
847 1060 930 1105 noctu
943 1050 982 1106 di·

60 1124 188 1178 mittere.1
223 1123 431 1178 Discedentibus
453 1122 572 1192 mandat,
596 1130 626 1174 ut
650 1138 727 1175 suam
751 1122 866 1191 quisque
890 1137 982 1175 eorum

60 1194 200 1247 civitatem
216 1194 297 1246 adeat
314 1209 470 1262 omnesque,
484 1192 530 1262 qui
545 1196 594 1261 per
610 1198 729 1243 aetatem
744 1206 821 1243 arma
836 1190 907 1244 ferre
923 1207 982 1260 pos·

61 1263 122 1332 siut,
141 1263 175 1315 ad
194 1262 297 1315 bellurn
315 1271 425 1330 cogant;
445 1278 495 1314 aua
514 1261 539 1313 in
560 1259 621 1312 illos
641 1261 737 1313 merita
756 1260 876 1329 proponit
895 1260 983 1315 obtes-

60 1339 184 1400 taturque
205 1339 235 1384 ut
252 1347 318 1384 auae
337 1330 431 1383 salutis
448 1331 582 1400 rationem,
593 1328 718 1399 habeant,
734 1346 788 1382 neu
806 1346 844 1408 se,
858 1328 893 1382 de
912 1347 982 1384 corn·

60 1401 138 1454 muni
161 1401 180 1453 li
218 1408 284 1454 rtate
307 1416 322 1453 o
342 1399 406 1453 time
430 1399 564 1468 meritum,
583 1397 704 1452 hostibus
723 1398 749 1450 in
770 1407 920 1453 cruciatum
936 1400 981 1452 de-

60 1470 142 1523 dant:
162 1470 233 1540 quod
249 1471 282 1523 si²
292 1417 500 1539 indiligentiores
511 1469 617 1538 suerint,
630 1467 707 1521 milia
723 1467 864 1521 hominum
876 1468 983 1523 delecta

60 1556 143 1594 ιω.
164 1557 218 1594 una
237 1557 332 1593 secum
349 1539 486 1592 interitura
505 1537 684 1607 demonstrat3
707 1538 808 1590 ratione
828 1537 911 1609 inita,'
931 1539 944 1592 s
971 1569 982 1580 ·

60 1617 185 1662 mentum
205 1626 234 1662 se
257 1609 355 1678 exigue
379 1608 484 1662 dierum
502 1625 566 1666 xxx.
585 1607 693 1675 habere,
718 1606 765 1660 sed
785 1606 876 1677 paullo
900 1609 982 1662 etiam

60 1676 165 1746 longius
187 1678 298 1731 tolerare
321 1694 400 1747 posse
423 1676 564 1748 parcendo.
600 1677 648 1730 His
670 1675 740 1729 datis
762 1677 905 1746 mandatis,
930 1695 983 1748 qua

61 1755 119 1800 erat
130 1755 249 1801 nostrum
261 1764 330 1817 opus
341 1747 543 1815 intermissum‚⁴
554 1745 672 1800 secunda
685 1745 775 1814 vigilia
786 1746 893 1799 silentio
908 1748 982 1817 equi-

61 1823 149 1870 tatum
161 1816 272 1870 dimittit
280 1833 288 1885 ;
306 1816 474 1870 frumentum'
488 1833 568 1869 omne
580 1815 614 1869 ad
633 1832 662 1868 se
675 1814 767 1868 referri
777 1813 869 1885 jubet5
887 1817 984 1886 eapitis

60 1900 176 1955 poenam
189 1887 229 1954 iia,
244 1886 289 1954 qui
301 1902 353 1938 non
364 1887 506 1955 pamerint,
519 1885 655 1938 constituit
662 1901 670 1953 ;
688 1901 779 1954 pecus,
793 1884 871 1954 cujus
886 1902 984 1954 magua

61 1956 122 2006 erat
138 1954 174 2006 ab
193 1952 351 2006 Mandubiis
371 1953 510 2022 compulsa
532 1955 616 2022 copia,
638 1954 736 2007 viritim
756 1953 906 2024 distribuit3
930 1956 983 2009 fru-

60 2031 185 2076 mentum
205 2038 285 2090 parce
306 2029 333 2073 et
353 2021 492 2090 paullatim
509 2023 599 2074 metiri
618 2022 748 2091 instituit;
769 2024 861 2093 copias
879 2041 982 2096 omues,

60 2108 129 2160 quas
145 2107 192 2161 pro
203 2088 300 2159 oppido
312 2089 496 2159 collocaverat,
509 2090 536 2143 in
553 2090 684 2214 oppidum
701 2093 803 2162 recipit.
839 2093 889 2146 His
906 2094 982 2148 ratio·

59 2161 140 2214 uibus
150 2159 251 2212 auxilia
262 2157 365 2211 Galliae
378 2166 535 2229 exspectare
547 2168 574 2212 et
605 2160 689 2213 ellum
700 2161 887 2216 administrare
900 2172 983 2233 parat.

96 2235 139 2283 ⁷2.
158 2228 263 2288 Quibus
281 2226 362 2281 rebus
379 2228 551 2308 exuperfugis
568 2237 595 2282 et
614 2230 729 2300 captivis
746 2233 865 2303 cognitis,
884 2234 983 2286 Caesar

60 2299 128 2354 haec
140 2315 239 2370 genera
249 2297 406 2352 munitionis
417 2299 540 2352 instituit.
570 2299 682 2353 Fossam
694 2300 796 2370 pedum
807 2318 853 2355 xx.
866 2301 984 2356 directis⁸

88 2493 244 2550 ¹Dimittere5
261 2493 303 2542 the
315 2494 433 2543 infinitivo
450 2494 512 2544 after
526 2497 652 2544 consilium
668 2497 715 2546 and
731 2506 831 2560 tempus,
845 2499 941 2549 instead
956 2499 984 2548 of

22 2576 23 2579 ¹
58 2551 101 2600 the
112 2553 218 2614 genitive
229 2551 258 2601 of
264 2553 305 2601 tbe
316 2554 418 2614 gerund,
430 2554 569 2615 frequently
577 2570 663 2605 occurs
673 2556 698 2604 in
709 2557 790 2614 Latin,
801 2559 844 2606 but
856 2559 921 2607 isan
931 2559 983 2608 imi·

59 2612 138 2660 tation
147 2611 176 2660 of
188 2612 230 2661 the
242 2612 334 2661 Greek.
366 2613 487 2673 Compare
497 2614 538 2662 vii.
549 2618 587 2663 26.

88 2684 179 2746 ’Quod
195 2687 219 2734 ai
235 2686 256 2754 is
272 2686 356 2748 nearly
367 2687 408 2735 the
425 2703 493 2736 same
510 2703 537 2736 as
554 2690 578 2736 ai
593 2687 677 2746 alone;
695 2689 837 2739 sometimes
852 2691 871 2738 it
886 2706 943 2753 may
953 2692 983 2739 be

59 2742 178 2793 rendered
188 2745 222 2812 by
235 2745 271 2793 ‘rf
281 2745 420 2794 therefore!
453 2747 509 2794 The
519 2750 582 2854 ulam
591 2746 612 2796 is
623 2746 700 2816 added
712 2759 737 2796 tc
747 2751 771 2796 si
780 2749 817 2797 for
828 2749 869 2818 the
880 2765 984 2811 purpose

59 2801 89 2850 of
100 2812 245 2864 connecting
255 2803 297 2851 the
308 2814 424 2853 sentence
435 2820 502 2854 more
514 2822 527 2854 c
538 2805 607 2867 csely
618 2807 679 2855 wtth
691 2807 732 2855 the
742 2808 875 2870 preceding
885 2824 940 2858 oue.

88 2875 211 2944 'Ratione
223 2877 295 2933 iusto,
310 2876 387 2925 ‘after
403 2893 419 2926 a
435 2877 580 2927 calculation
590 2895 642 2928 was
658 2880 746 2929 made.’
778 2880 875 2944 Ecigue
890 2884 912 2933 is
927 2884 984 2933 here

59 2934 121 2984 used
131 2950 157 2982 rn
166 2934 208 2982 the
219 2949 292 2982 sense
304 2935 332 2983 of
340 2953 428 2998 parum
438 2951 465 2984 or
473 2939 522 2994 uie,
538 2939 679 3000 ‘scarcely.’

88 3008 284 3078 ‘intermissum
299 3008 352 3057 that
363 3008 394 3066 is,
402 3009 484 3078 where
495 3011 608 3060 between
618 3020 667 3060 two
675 3014 756 3072 points
766 3013 835 3063 there
844 3031 896 3066 was
907 3032 922 3065 a
932 3023 984 3077 part

22 3139 44 3176 x
59 3067 142 3187 hiighhl
154 3067 258 3187 gggaggt
275 3077 317 3129 yet
334 3069 398 3117 been
414 3068 526 3126 fortrfied,
539 3070 587 3119 and
604 3071 709 3133 through
719 3073 801 3122 which
818 3074 859 3124 the
875 3077 984 3126 enemiee

89 3199 211 3248 ‘Duronia
228 3203 351 3257 interduo,
372 3200 446 3250 ‘with
463 3200 566 3261 straight
583 3201 674 3260 sides3’
696 3203 796 3263 thetis,
816 3207 857 3256 the
874 3209 941 3257 sides
957 3221 984 3256 or

60 3257 139 3325 banlra
158 3258 240 3326 ofrthe
252 3259 328 3318 ditch,
341 3260 389 3309 and
405 3260 581 3322 cousequently
592 3260 634 3310 tbe
652 3262 719 3312 ditch
736 3264 807 3314 itself
818 3267 880 3326 also,
892 3266 983 3317 formed

49 3316 160 3375 autemut
171 3317 244 3367 flues.
