2146 3704
417 138 421 142 .
497 121 589 162 urana
609 122 651 166 vr.
979 98 1039 164 169

111 227 264 298 transducti,
286 244 321 281 ne
339 235 402 282 ants
420 238 525 299 partam
546 230 584 285 rei
603 229 727 284 militaris
745 229 856 284 laudem
874 230 1035 303 amitterent,

110 299 255 352 fortissime
273 307 424 368 pugnantes
441 300 622 353 conciderunt.
658 300 778 353 Militum
796 316 866 370 pars,
879 298 1036 363 hunuano-

110 376 165 422 tute
184 367 316 421 submotis
333 367 461 436 hostibus,
475 378 579 438 praeter
591 386 670 439 spem
687 368 830 423 incolumis
841 368 869 422 in
880 378 966 423 castra
977 387 1036 442 per·

109 438 182 493 venit
189 454 198 506 5
216 453 278 507 pars
289 453 307 489 a
317 437 439 490 barbaris
451 439 635 491 circumventa
646 438 733 508 periit.

142 512 186 560 41.
205 507 341 576 Germani,
355 507 496 577 desperata
508 509 702 578 expugnatione
720 516 875 578 castrorum,
888 507 967 578 quod
976 524 1036 562 nos·

108 583 162 629 tros
179 575 237 646 jam
248 577 399 629 constitisse
411 577 439 629 in
452 577 645 630 munitionibus
657 575 792 648 videbant,
806 595 870 630 cum
882 594 915 630 ea
926 577 1035 648 praeda,

108 662 192 716 quam
209 644 238 698 in
256 645 331 698 silvis
348 646 535 717 deposuerant,
555 654 628 700 trans
644 646 770 700 Rhenum
789 663 850 700 sese
867 654 1035 718 receperunt.

108 718 149 769 Ac
169 722 261 768 tantus
280 715 330 767 suit
349 716 433 768 etiam
451 725 511 786 post
530 715 682 771 discessum
706 716 824 770 hostium
843 715 938 787 terror,
952 724 983 770 ut
1003 731 1037 770 aa

107 792 195 854 nocte,
208 800 301 854 quum
319 786 349 838 C.
368 785 520 839 Volusenus
543 786 643 839 missus
666 802 731 840 cum
751 787 873 856 equitatu
894 787 930 840 ad
948 792 1037 838 castra

107 853 236 923 venisset,
249 853 333 908 fidem
351 870 404 907 non
424 854 542 924 laceret,¹
553 855 651 908 adesse
669 873 733 909 cum
752 856 881 914 incolumi
892 857 1037 910 Caesarem

108 923 239 976 exercitu.
286 923 331 976 Sic
354 924 475 976 omnium
497 924 600 977 animos
622 924 702 977 timor
725 933 973 995 praeoccupaverat,
997 931 1035 996 ut,

107 1007 194 1062 paene
206 992 323 1046 alienata
336 995 445 1063 mente,²
459 993 559 1046 deletis
570 994 696 1047 omnibus
714 995 800 1064 copiis
817 995 967 1064 equitatum
978 1001 1036 1046 tan·

107 1069 167 1115 tum
187 1077 219 1114 se
239 1078 275 1114 ex
285 1061 350 1131 iuga
362 1064 496 1132 recepisse
508 1063 636 1132 dicerent,
651 1080 747 1134 neque,
760 1063 888 1117 incolumi
900 1063 1039 1134 exercitu,⁸

107 1131 257 1184 Germanos
278 1141 367 1184 castra
385 1143 581 1202 oppugnaturos
605 1132 688 1186 luisse
710 1134 911 1188 contenderent.
947 1132 1038 1192 Quem

107 1200 235 1254 timorem
246 1200 367 1254 Caesaris
378 1203 511 1255 adventus
523 1202 637 1255 sustulit.

140 1273 186 1323 42.
205 1269 339 1323 Reversus
357 1270 411 1341 ille,
425 1271 622 1323 eventus⁴belli
641 1287 693 1323 non
714 1270 844 1340 ignorans,
858 1287 951 1340 unum,
964 1269 1037 1340 quod

106 1337 231 1392 cohortes
243 1355 278 1392 ex
289 1340 403 1393 statione
423 1347 450 1392 et
467 1339 601 1409 praesidio
620 1347 711 1391 essent
730 1339 855 1408 emissae,
888 1347 1036 1407 aestuans

106 1408 222 1462 minimo
234 1408 347 1478 quidem
358 1412 433 1462 casu⁶
444 1408 532 1461 locum
546 1407 660 1476 relinqui
678 1407 814 1477 debuisse,
828 1425 855 1460 m
886 1415 944 1460 tum
955 1406 1036 1460 fcrtu-

106 1481 212 1531 namin
225 1478 363 1547 repentino
379 1479 496 1531 hostium
508 1476 626 1530 adventu
639 1477 757 1546 potuisse
775 1476 906 1547 judicavit
914 1477 933 1545 5⁸
950 1475 1036 1531 multo

106 1547 193 1601 etiam
204 1546 330 1616 amplius,
343 1547 414 1616 quod
426 1564 513 1616 paene
530 1546 566 1599 ab
584 1547 641 1616 ipso
654 1545 724 1598 vallo
742 1547 877 1617 portisque
889 1553 1037 1600 ceutronum

105 1615 235 1671 barbaros
247 1617 397 1670 avertisset.
434 1616 553 1675 Quarum
565 1616 687 1669 omnium
706 1632 795 1669 rerum
813 1615 932 1669 maxime
949 1614 1037 1668 admi·

106 1685 223 1738 randum
243 1685 393 1754 videbatur,
413 1685 484 1755 quod
505 1685 642 1753 Germani,
663 1685 761 1753 quiec
781 1684 891 1738 consilio
911 1683 1038 1737 Rhenum

105 1754 276 1825 transierant,
301 1754 517 1823 atAmbiorigis
540 1755 609 1807 fines
631 1754 666 1807 de
686 1753 864 1824 opularenlur,
888 1753 925 1807 ad
949 1760 1038 1807 castra

105 1823 290 1946 pantanorum
301 1824 391 1895 delati,
404 1825 602 1895 optatissimum
612 1773 763 1893 Ambiorigi
780 1823 945 1878 beneficium
961 1822 1037 1877 obtu-

118 1902 197 1946 erant.

142 1967 187 2015 43.
205 1962 312 2032 Caesar,
335 1978 425 2016 rursus
448 1963 482 2016 ad
503 1963 640 2017 vexandos
664 1963 755 2017 hostes
774 1965 917 2034 proiectus,
939 1977 1037 2031 magno

106 2039 202 2085 coacto
222 2034 343 2084 numero⁷
363 2050 398 2085 ex
415 2032 537 2085 finitimis
555 2033 716 2102 civitatibus,
730 2035 756 2087 in
775 2051 871 2087 omnes
888 2041 979 2103 partes
997 2031 1043 2084 dii

58 2125 69 2143 ι
107 2100 201 2154 mittit.
238 2102 339 2155 Omnes
350 2101 404 2153 vici
415 2109 496 2170 atque
508 2102 598 2153 omnia
609 2102 741 2171 aedificia,
755 2120 824 2171 quae
844 2103 956 2171 quisque
974 2117 1037 2161 con·

107 2178 240 2238 spexerat,
249 2171 472 2223 incendebantur:
487 2170 587 2239 praeda
602 2187 638 2222 ex
655 2171 779 2222 omnibus
797 2171 864 2223 locis
882 2170 1011 2237 agebatur
1019 2170 1038 2223 :⁸

140 2267 240 2315 ¹Fidem
250 2270 418 2329 oldoifocere,
434 2275 473 2316 ‘to
485 2269 556 2316 make
568 2284 582 2316 a
593 2284 680 2328 person
691 2269 801 2317 believe!

137 2340 272 2392 ’Atimeto
282 2350 366 2397 mente,
382 2341 487 2401 ‘having
498 2341 587 2388 almost
598 2340 646 2389 lost
657 2341 720 2388 their
730 2341 833 2388 censes!

139 2411 274 2461 ’incolomi
284 2416 386 2462 exercita
398 2414 417 2460 is
429 2413 471 2460 the
483 2412 588 2460 ablative
600 2413 720 2468 absolute,
734 2412 781 2460 and
791 2412 836 2460 has
852 2410 894 2459 the
905 2412 970 2460 force
983 2411 1012 2461 ci
1023 2427 1039 2462 a

110 2471 258 2520 conditional
268 2473 365 2521 clause:
386 2472 422 2520 ‘if
433 2472 474 2519 the
486 2488 554 2531 army
565 2471 613 2519 had
624 2474 686 2519 been
697 2471 865 2531 unimpaired.’

139 2545 268 2593 ‘Eceatna
279 2547 300 2593 is
311 2546 355 2594 the
367 2546 506 2594 accusative
517 2544 734 2604 plural-namely,
751 2545 806 2592 ‘the
817 2544 915 2593 varicus
930 2543 978 2593 and
993 2559 1038 2594 un·

110 2605 205 2652 certain
216 2605 320 2653 chances
332 2606 435 2653 oi'warff
484 2605 491 2614 '

139 2678 150 2706 ⁶
161 2677 226 2726 Caro
237 2677 258 2725 is
269 2694 300 2726 an
311 2679 407 2726 ancient
417 2678 478 2726 form
487 2677 516 2725 of
523 2676 565 2725 the
576 2675 657 2725 dative
668 2676 763 2726 instead
771 2677 800 2726 cf
805 2678 880 2726 casui.
903 2678 950 2726 See
959 2678 991 2727 vi.
998 2678 1038 2726 44.

124 2749 290 2819 ,tJodicacia
323 2750 386 2798 This
402 2750 607 2857 clauselcpnlpains
622 2750 664 2798 the
676 2751 851 2820 circumstance
863 2767 891 2800 cr
901 2751 1037 2856 ⁰9¹¹⁵id⁶ffi⁸⁸

111 2809 639 2930 pperrcptpllpghppgrugeafflap(prppslpiged,rmseli
646 2809 682 2858 ior
690 2811 732 2858 the
741 2811 824 2870 things
835 2811 863 2859 cf
870 2811 951 2858 tvhrch
961 2819 1006 2858 rnt
1024 2823 1038 2857 a

141 2939 248 3006 'Quocto
263 2959 372 3000 numera·
390 2943 484 2992 instead
496 2942 524 2991 oi
536 2942 585 2990 this
601 2942 706 2991 ablativa
722 2943 843 2998 absolute,
858 2941 950 2990 Caesar
960 2939 1039 3000 might

112 2997 246 3108 gggpped
257 3001 299 3049 the
310 3003 447 3050 accusative
455 3011 558 3050 coactum
568 3019 698 3058 numeram,
710 3001 847 3060 dependent
856 3015 920 3059 upon
930 3000 971 3047 the
979 3001 1039 3048 verb

141 3131 248 3196 ‘Agora
261 3133 335 3180 when
350 3132 412 3181 used
427 3134 452 3181 in
467 3135 611 3183 connection
622 3133 682 3182 with
698 3135 782 3194 booty,
795 3133 913 3182 indicates
928 3131 982 3181 that
998 3130 1049 3180 the‘

115 3191 189 3254 booty
200 3193 305 3298 ppnsists
316 3191 345 3243 cf
356 3193 439 3250 cattle,
452 3192 533 3240 which
544 3209 584 3241 are
599 3193 698 3242 ‘driven
708 3194 794 3256 aaran!

586 3265 602 3298 r
