2146 3704
447 115 540 157 maure
560 115 611 157 vrr.
944 101 1003 162 178

76 222 253 279 Gobanitione
285 230 377 294 patruo
400 239 456 293 suo,
481 225 576 294 reliqui
609 240 644 278 ue
667 226 752 295 priuoi
772 225 840 297 ibus,
859 228 906 298 qui
928 227 1001 284 bano

75 292 232 372 tentandam
249 261 383 346 fortunam
400 309 453 346 non
471 295 595 348 existima
632 303 668 364 nt,
689 243 832 375 expeBitur
849 313 885 351 ex
901 298 1000 368 oppido

74 363 231 432 Gergorraz¹
248 378 301 415 non
313 361 414 415 destitit
426 371 519 416 tamen
535 371 618 432 atque
635 365 662 416 in
680 381 752 432 agrrs
769 365 851 418 babet
868 365 1000 423 dilectum

74 432 212 502 egentium
223 447 257 483 ac
269 431 439 502 perditorum.
469 433 528 485 Hac
539 441 632 485 coacta
644 449 733 503 manu,
747 450 932 504 quoscumque
943 437 1001 492 adit

73 519 106 556 ex
123 502 242 569 civitate,
256 501 291 553 ad
309 517 386 554 suam
404 503 566 555 sententiam
583 503 720 571 perducit:
741 502 866 574 hortatur,
879 512 910 557 ut
926 521 1000 561 com·

72 572 163 626 munis
174 569 306 623 libertatis
318 586 399 624 causa
407 587 483 623 arma
491 572 612 640 capiant:
630 571 790 642 magnisque
798 573 897 626 coactis
905 574 999 646 copiis,

72 639 239 694 adversarios
250 655 319 708 suos,
332 656 350 692 a
360 639 458 709 quibus
468 641 558 709 paullo
575 649 638 693 ante
650 651 706 694 erat
718 641 829 711 ejectus,
843 643 953 713 expellit
965 660 1001 700 ex

72 711 191 763 civitate.
227 709 285 762 Rex
296 709 332 762 ab
343 709 400 762 suis
411 726 446 778 ap
465 709 560 763 ellatur
566 726 575 779 3
593 709 702 763 dimittit
714 722 915 780 quoquoversus
925 712 999 782 lega·

73 779 174 848 tiones,
193 778 347 848 obtestatur,
361 787 391 831 ut
403 779 429 832 in
441 727 496 832 dae
507 791 643 833 maneant.
667 779 795 833 Celeriter
806 781 859 834 sibi
871 781 998 854 Senones,

72 848 195 918 Parisios,
215 848 347 918 Pictones,
367 848 508 919 Cadurcos,
527 849 653 918 Turonos,
672 849 811 921 Aulercos,
830 851 998 924 Lemovices,

72 918 166 972 Audes
183 916 353 986 reliquosque
371 933 472 987 omnes,
486 919 532 988 qui
549 919 688 971 Oceanum
704 921 838 988 attingunt
859 920 941 990 adjuu
961 921 998 976 it:

72 988 193 1041 omnium
217 1003 350 1040 consensu
371 986 406 1040 ad
427 1004 491 1040 eum
510 987 628 1040 defertur
645 987 684 1040 im
721 988 797 1042 rium.
833 960 893 1048 dua
909 990 945 1043 ob
972 997 1001 1045 ta

71 1065 211 1126 potestate,
236 1055 361 1109 omnibus
384 1056 426 1110 his
449 1056 602 1110 civitatibus
624 1056 681 1109 obsi
701 1074 731 1110 es
754 1057 876 1128 imperat,
894 1067 999 1114 certum

71 1142 215 1180 numerum
238 1125 356 1178 militum
379 1126 414 1179 ad
438 1144 468 1180 se
491 1126 615 1180 celeriter
632 1124 740 1194 adduci
752 1125 837 1197 jubet,
861 1144 998 1181 armorum

71 1204 202 1265 quantum
213 1211 337 1264 quaeque
350 1196 445 1249 civitas
456 1197 536 1265 domi,
546 1195 672 1265 quodque
683 1204 747 1248 ante
759 1205 867 1267 tempus
878 1193 1007 1266 efficiat,¹'

70 1266 220 1318 constituit:
245 1264 274 1317 in
293 1265 385 1333 primis
408 1266 539 1334 equitatui
559 1264 658 1317 studet.
694 1264 821 1318 Summae
842 1266 998 1334 diligentiae

70 1349 208 1387 summam
231 1334 336 1402 imperii
364 1334 535 1386 severitatem
558 1333 647 1385 addit:
674 1332 858 1452 magnitudine
871 1335 997 1404 supplicii

70 1403 225 1457 dubitantes
242 1403 328 1471 cogit:
348 1419 419 1472 nam,
432 1402 534 1471 majore
552 1400 696 1454 commisso
733 1401 830 1469 elicto,⁸
842 1401 896 1468 igni
914 1409 997 1470 atque

69 1473 196 1526 omnibus
214 1473 352 1525 tormentis
370 1480 464 1524 necat:
484 1471 583 1524 leviore
600 1470 635 1522 de
655 1485 744 1538 causa,
757 1469 867 1522 auribus
878 1470 997 1523 desectis

68 1550 114 1594 aut
132 1541 245 1611 singulis
263 1540 368 1594 effossis
391 1540 483 1609 oeulis,
502 1540 614 1592 domum
632 1537 750 1607 remittit,
769 1546 798 1590 ut
816 1538 868 1591 sint
886 1538 997 1609 reliquis

68 1610 230 1664 documento
243 1619 270 1662 et
282 1610 465 1678 magnitudine
478 1625 580 1678 poenae
592 1616 757 1676 perterreant
768 1607 844 1658 alios.

39 1747 42 1750 ⁴
99 1685 125 1733 ὁ.
137 1681 188 1733 His
197 1680 335 1750 suppliciis
343 1679 466 1732 celeriter
477 1686 569 1730 coacto
587 1674 714 1743 exercitu,
728 1676 884 1728 Lucterium
895 1674 995 1729 Cadur·

67 1765 139 1818 cunr,
165 1765 288 1801 summae
312 1748 449 1801 hominem
472 1746 610 1814 audaciae,
632 1761 694 1797 cum
718 1753 792 1813 parte
813 1745 948 1814 copiarum
967 1745 996 1798 in

67 1819 188 1873 Rutenos
197 1819 295 1871 mittit:
315 1818 325 1870 i
345 1834 374 1869 se
387 1817 412 1870 in
425 1814 558 1883 Bituriges
570 1813 753 1884 proficiscitur.
792 1812 858 1882 Ejus
875 1814 995 1869 adventu

67 1887 202 1956 Bituriges
222 1888 255 1939 ad
275 1889 316 1939 Ae
337 1903 392 1955 uos,
411 1902 524 1955 quorum
544 1893 618 1937 erant
637 1885 664 1936 in
683 1883 755 1952 fide*
767 1883 869 1952 legatos
885 1884 996 1937 mittunt

66 1957 219 2011 subsidium
232 1965 361 2024 rogatum,
394 1973 427 2008 uo
439 1955 544 2007 facilius
556 1953 671 2007 hostiurn
684 1954 775 2022 copias
793 1954 923 2006 sustinere
935 1968 994 2022 pos·

67 2027 128 2080 sint.
164 2026 254 2079 Aedui
267 2025 300 2077 de
313 1972 431 2077 mosibo·
443 2025 599 2092 legatorum,
609 2040 676 2092 quos
688 2023 785 2075 Caesar
797 2022 831 2075 ad
844 2023 995 2076 exercitum

66 2096 218 2166 reliquerat,
232 2096 323 2164 copias
340 2095 475 2162 equitatus
492 2093 680 2160 peditatusque
698 2091 817 2143 subsidio
831 2091 994 2159 Biturigibus

66 2166 185 2218 mittunt.
222 2165 273 2222 Qui
286 2179 369 2232 quum
387 2161 421 2214 ad
434 2161 536 2214 flumen
549 2161 667 2228 Ligerim
679 2160 823 2228 venissent,
836 2162 908 2228 quod
920 2162 993 2214 Bitu·

67 2234 138 2302 riges
156 2233 190 2286 ab
202 2232 306 2285 Aeduis
323 2231 424 2301 dividit,
438 2245 537 2301 paucos
556 2230 613 2281 dies
625 2227 662 2280 ibi
674 2227 776 2297 morati,
789 2244 878 2296 neque
889 2229 993 2282 flumen

67 2304 177 2356 transire
201 2302 267 2371 ausi,
293 2303 405 2354 domum
429 2306 594 2352 revertuntur
611 2296 760 2364 legatisque
784 2296 879 2349 nostris
897 2314 992 2351 renun-

66 2372 146 2442 ciant,
166 2390 196 2424 se
214 2371 362 2439 Biturigum
385 2368 526 2439 perfidiam
549 2367 647 2419 veritos
670 2365 820 2434 revertisse,
845 2365 941 2434 quibus
964 2367 992 2420 id

95 2538 104 2564 ¹
115 2534 242 2596 Gergouia,
255 2550 270 2581 a
286 2543 354 2581 town
370 2530 398 2579 ol'
410 2530 451 2578 the
463 2529 577 2584 Artemi,
590 2529 611 2576 is
628 2527 753 2577 identified
767 2531 800 2590 by
811 2545 879 2578 some
889 2545 991 2592 geogra-

66 2592 139 2700 qhers
150 2594 210 2640 with
224 2594 265 2640 tlre
282 2592 382 2640 modern
394 2590 520 2638 Clermont
538 2589 563 2635 in
573 2589 716 2649 Amorgos,
729 2589 775 2637 and
793 2591 826 2650 by
836 2589 919 2637 others
930 2590 992 2639 with

84 2668 174 2713 ergeen
185 2668 212 2700 or
224 2652 346 2712 Gergesa,
359 2660 400 2698 not
412 2649 448 2697 far
458 2649 521 2696 frorn
533 2647 646 2696 Orleaus.

66 2739 223 2848 hrbErffi'e
234 2738 289 2821 ,that
307 2738 336 2795 is,
352 2739 442 2800 efficere,
462 2752 489 2784 or
503 2738 613 2799 conficere
627 2738 715 2794 debeat,
731 2736 826 2785 ‘which
842 2752 917 2796 every
927 2745 991 2786 state

96 2881 177 2951 'Tiris
189 2881 293 2949 ablativo
305 2879 428 2949 talresthe
436 2879 506 2961 piace
514 2880 543 2928 of
549 2896 564 2950 a
572 2879 717 2928 conditional
725 2879 822 2928 clause:
839 2877 875 2927 ‘if
881 2895 896 2926 a
903 2891 990 2938 persora

67 2941 211 3009 committed
222 2957 236 2989 a
246 2949 339 2989 senous
350 2955 433 2988 crrme.
476 2940 523 2987 See
534 2956 567 2987 vr.
578 2942 616 2995 41,
629 2948 686 2986 note
697 2941 719 2986 3.

96 3028 145 3078 ‘In
154 3032 206 3092 fide
215 3029 273 3077 here
285 3044 365 3076 seems
376 3038 402 3075 to
412 3031 443 3076 be
454 3027 496 3075 the
508 3043 575 3075 seme
586 3043 613 3074 as
624 3027 651 3074 ia
661 3027 777 3076 clientela.

96 3115 152 3164 ’De
161 3116 273 3169 concilim
291 3113 343 3160 that
360 3113 389 3168 is,
405 3112 548 3174 ‘according
559 3122 584 3161 to
595 3111 636 3161 tbe
647 3109 748 3160 advice!
781 3107 880 3158 Simila
887 3123 989 3172 expres·

67 3173 135 3224 siens
145 3189 186 3280 alr}
192 3192 205 3261 ἑ
217 3176 325 3228 demere,
338 3175 367 3220 de
376 3174 502 3220 calentia.
