2146 3704
82 245 140 305 teo
383 260 425 302 nn
446 258 544 302 annno
565 257 700 301 camno.

79 371 133 426 hnc
155 381 250 424 ornnes
277 386 341 424 suas
368 369 487 436 fortunas
512 368 646 422 exercitus
669 368 850 422 Romanorum
877 365 999 436 contulit3

79 440 204 513 praesidii
217 441 331 494 tantum¹
344 448 392 509 est,
406 448 435 493 ut
448 456 482 492 ne
497 454 591 492 murus
602 436 712 507 quidem
724 437 796 504 cingi
813 437 904 506 possit,
916 453 1000 506 neque

80 511 223 591 quisquam
239 509 331 578 egredi
350 519 425 563 extra
443 508 605 563 munitiones
622 506 727 560 audeat.
764 506 860 560 Oblata
878 523 927 576 spe
940 507 1002 560 Ger·

79 598 161 650 mani,
174 596 257 650 quam
275 580 347 634 nacti
362 588 437 633 erant
454 579 592 648 praedam,
606 576 749 630 inocculto
767 576 936 646 relinquunt,
955 576 1004 647 ipsi

80 651 252 706 Aduatucam
269 650 440 719 contendunt,
459 649 502 703 usi
520 648 618 702 eodem
634 646 712 716 duce,
725 643 802 715 cujus
821 645 891 699 haec
908 644 1006 701 indicio

80 738 96 774 c
132 728 268 774 noverant.
1057 762 1059 767 ⁴

97 738 159 843 ⁰56.
178 790 277 859 Cicero,
290 789 337 911 gni
355 805 403 858 per
420 803 515 841 omues
533 787 683 867 superiores
700 785 759 838 dies
776 785 930 855 praeceptis
943 786 1006 841 Cae·

81 860 146 913 saris
167 875 274 912 summa
313 858 433 926 iligcntia
452 857 552 910 milites
570 875 598 911 ιι
615 856 710 910 castris
727 855 904 908 continuisset
922 873 956 909 ac
973 871 1006 911 ue

80 930 203 982 calonem
218 928 328 997 quidem
343 943 425 996 quem
445 943 510 983 uam
521 934 597 980 extra
614 925 789 980 munitionem
801 924 895 993 egredi
912 940 1007 995 passus

80 1006 160 1067 esset,
186 997 300 1067 septimo
323 996 368 1049 die
388 995 415 1050 di
447 996 515 1050 dens
538 995 573 1049 de
596 1011 708 1050 numero
731 994 837 1048 dierum
863 995 1007 1057 Caesarem

80 1066 164 1121 fidem
187 1078 363 1135 servaturum,
385 1065 456 1135 quod
475 1066 587 1134 longius¹
600 1083 665 1119 enm
683 1081 853 1134 progressum
870 1064 1005 1136 audiebat,

79 1153 170 1207 neque
182 1136 237 1190 ulla
248 1136 283 1189 de
295 1136 383 1189 reditu
395 1135 455 1205 ejus
469 1135 543 1189 sama
554 1135 717 1188 afferebatur
724 1151 732 1205 5
750 1133 832 1188 simul
843 1151 940 1189 eorum
950 1151 1006 1205 per·

80 1216 170 1260 motus
180 1205 301 1275 vocibus,
311 1207 357 1276 qui
370 1206 441 1259 illius
451 1205 609 1274 patientiam
621 1220 707 1274 paene
720 1203 907 1258 obsessionmn
917 1202 1012 1284 appal·‘

80 1275 180 1347 labant,
194 1277 216 1330 si
229 1275 341 1345 quidem
353 1292 388 1329 ex
402 1274 496 1328 castris
513 1273 604 1343 egredi
622 1290 674 1327 non
686 1272 779 1327 liceret
786 1289 795 1343 3
812 1274 920 1328 nullum
939 1290 1006 1345 epus·

80 1346 154 1399 modi
165 1362 260 1399 casum
272 1354 439 1415 exspectans,
450 1361 510 1415 quo,
518 1360 640 1397 novemo
660 1343 753 1413 positis
760 1343 913 1412 legionibus
924 1343 1005 1398 maxi·

81 1432 181 1486 rnoque
193 1415 312 1486 equitatu
331 1414 459 1496 dispersis
470 1431 503 1468 ac
512 1430 601 1485 paene
610 1361 708 1467 deletis
718 1412 847 1483 hostibus,
857 1414 885 1467 in
897 1413 1007 1469 milibus

81 1501 212 1564 passuum
223 1502 265 1541 ιιι.
280 1453 391 1541 odendr
407 1493 499 1555 posset
505 1500 514 1555 ;
535 1484 655 1554 quinque
673 1482 796 1538 cohortes
813 1481 1007 1538 frumentatum

80 1571 108 1608 m
119 1557 253 1624 proximas
272 1564 380 1625 segetes
396 1555 478 1627 misit,
491 1572 560 1625 quas
577 1553 647 1608 inter
663 1562 690 1608 et
707 1565 794 1607 castra
810 1569 883 1606 unus
900 1553 1006 1607 omniuo

80 1623 156 1678 collis
175 1627 309 1679 intererat.
353 1625 511 1696 Complures
530 1632 606 1678 erant
630 1624 656 1676 in
681 1624 776 1677 castris
800 1639 836 1677 ex
858 1622 1007 1692 legionibus

79 1695 153 1763 aegri
170 1695 272 1765 relicti,
291 1712 323 1749 err
336 1695 435 1764 quibus
447 1695 493 1765 qui
510 1694 562 1749 hoo
579 1693 664 1763 spatio
682 1693 789 1748 dierum
806 1693 1004 1763 convaluerant,

79 1763 185 1818 circiter
208 1782 267 1819 ecc.
292 1765 343 1819 sub
367 1765 465 1819 vexillo
488 1781 542 1818 una
565 1765 720 1818 mittuntur:
751 1779 850 1831 magna
867 1771 1006 1844 praeterea

78 1834 222 1891 multitudo
239 1834 372 1902 calonum,
391 1850 491 1903 magna
508 1834 550 1888 vis
569 1833 758 1904 jumentorum,
777 1849 849 1903 quae
867 1851 896 1887 ru
913 1831 1006 1887 castris

79 1903 245 1974 subsederat,
259 1905 330 1956 iacta
342 1911 482 1972 potestate,
496 1904 624 1972 sequitur.

113 1976 156 2025 ³7.
175 1973 233 2025 Hoc
255 1973 313 2040 ipso
337 1982 458 2041 tempore
478 1980 506 2024 et
528 1973 603 2025 casu'
619 1972 747 2026 Germani
766 1971 872 2041 equites
892 1971 1005 2026 interro·

77 2040 161 2112 niunt,
174 2040 346 2111 protinusque
364 2041 462 2095 eodem
480 2039 532 2108 illo,
546 2057 599 2109 quo
617 2050 752 2112 venerant,
772 2059 852 2096 cursu
869 2041 907 2095 ab
924 2041 1005 2096 decu·

77 2127 159 2164 mana
182 2118 257 2190 porta
280 2109 307 2162 in
327 2118 414 2162 castra
437 2111 585 2179 irrumpere
609 2120 753 2166 conantur:
772 2128 823 2165 nec
846 2112 921 2181 prius
944 2119 1004 2169 suut

76 2180 135 2250 visi,
148 2179 261 2250 objectis
272 2178 308 2232 ab
320 2195 354 2232 ea
365 2187 440 2248 parte
452 2178 535 2250 silvis,
546 2197 632 2304 purim
643 2181 737 2235 castris
754 2182 1002 2262 appropinquarent,

75 2265 162 2320 usque
182 2266 222 2320 eo,
235 2257 272 2320 ut,
284 2249 331 2319 qui
346 2248 397 2303 sub
415 2249 484 2303 vallo
501 2258 545 2304 ten
566 2252 651 2304 erent⁴
667 2259 838 2322 mercatores,
857 2251 1004 2322 recipiendi

75 2320 118 2374 sui
141 2320 299 2375 facultatem
322 2336 375 2375 non
398 2318 538 2374 haberent.
585 2322 756 2390 Inopinantes
778 2321 860 2375 nostri
883 2337 914 2375 re
936 2337 1004 2377 nora

74 2391 268 2463 perturbantur,
293 2407 327 2445 ao
348 2389 395 2445 vix
420 2390 539 2461 primum
563 2390 698 2461 impetum
725 2390 820 2445 cohors
839 2391 867 2446 in
890 2392 1003 2447 statione

74 2637 81 2650 ⁶
102 2582 112 2611 ¹
124 2579 229 2630 Tantum
238 2579 377 2642 frequently
386 2579 431 2629 has
447 2579 489 2628 the
500 2550 614 2641 meaning
624 2578 653 2629 of
667 2579 739 2640 ‘only
749 2595 778 2649 sp
788 2579 882 2638 much,’
894 2578 1002 2629 intimat·

73 2653 116 2703 mg
126 2640 179 2689 that
190 2640 259 2689 there
271 2641 292 2689 is
303 2640 366 2689 little
377 2639 406 2688 of
417 2655 432 2688 a
442 2639 520 2701 thing.
552 2639 599 2688 See
610 2639 642 2688 ri.
652 2642 691 2696 27,
703 2638 751 2687 and
763 2655 786 2687 ιι.
795 2641 818 2687 8.

101 2726 249 2795 ’Offerrdere
258 2727 279 2799 is
290 2728 412 2813 properly,
428 2732 467 2776 ‘to
477 2726 690 2797 stumblelegninst
705 2725 849 2796 anythiug3'
866 2725 945 2795 hence
961 2725 1002 2775 the

72 2785 1006 2916 tttlt‘frt'tlt,tehutttrttffitltntltlgttttttlttui

72 2921 145 2974 suum
158 2906 248 2960 tribum
267 2904 308 2951 the
324 2914 473 2972 preposrtron
483 2922 511 2952 m
521 2905 578 2953 here
594 2920 676 2954 seems
687 2914 713 2952 to
723 2905 811 2953 denote
822 2920 909 2954 cause:
930 2909 1000 2954 ‘con-

71 2963 180 3025 srdormg
190 2962 243 3011 that
254 2962 296 3011 the
307 2961 415 3011 distance
427 2978 479 3010 was
490 2963 548 3023 only
559 2963 628 3012 three
639 2963 760 3012 thousand
771 2964 861 3024 paces!

101 3042 167 3100 “At
178 3036 231 3099 thid
238 3059 356 3108 moment,
369 3049 417 3098 and
427 3050 504 3099 under
514 3049 584 3100 these
595 3051 750 3100 unfortunate
761 3049 968 3101 circumstances'

101 3139 110 3168 ⁴
122 3139 228 3188 Tendere
238 3139 263 3186 in
273 3138 322 3186 this
333 3153 436 3199 passage
447 3137 492 3187 has
507 3138 549 3186 the
560 3154 628 3186 same
639 3139 660 3187 si
695 3138 802 3187 ification
812 3154 839 3187 as
850 3136 998 3186 intratoriis

72 3214 131 3254 eree,
145 3204 186 3246 ‘to
196 3200 227 3246 be
241 3198 266 3246 in
281 3198 324 3247 the
339 3199 423 3247 tants!
455 3197 550 3247 Trades
568 3198 664 3257 eopleo
688 3214 764 3259 every
774 3198 930 3257 description,
942 3195 997 3244 who

71 3255 186 3305 followed
197 3257 239 3305 the
251 3257 348 3306 Roman
359 3273 438 3316 camp,
448 3256 497 3305 had
507 3273 522 3306 a
532 3213 600 3316 plico
611 3257 726 3319 assigned
736 3267 762 3308 to
770 3257 839 3308 them
849 3255 946 3308 oursids
956 3253 996 3303 the

67 3329 149 3376 camp,
159 3316 206 3365 hut
215 3316 284 3366 close
295 3325 321 3366 to
332 3315 373 3366 the
383 3325 489 3379 rampart
500 3319 552 3374 (suh
562 3318 643 3373 vallo).
