2146 3704
72 228 130 290 tto
370 250 411 291 nu
433 251 530 292 sasso
549 244 687 294 cantico.

70 357 97 411 id
117 365 224 428 tempus
243 356 307 412 belli
332 360 484 430 suspicione
503 361 674 432 interposita,¹
692 378 757 414 curn
774 377 835 430 pars
853 358 951 416 hominu

70 428 98 482 in
120 430 191 497 agris
214 443 371 499 remaneret,
391 448 453 500 pars
477 433 560 484 etiam
579 435 606 484 in
625 440 712 483 castra
731 431 881 499 ventitaret,
900 431 927 501 ii,
946 451 951 483 r

69 513 116 569 pro
135 499 382 568 portis'castrorum
401 501 428 552 in
447 503 560 554 statione
580 511 662 570 erant,
683 502 790 554 Caesari
808 502 951 554 nuntiares

69 568 211 637 pulverem
228 567 367 638 majorem,
381 587 464 639 quam
484 571 648 625 consuetudo
668 571 756 640 ferret,
770 571 797 622 in
817 587 851 622 ea
869 579 945 639 parte

69 637 134 708 deri,
153 655 237 707 quam
261 639 288 692 in
314 649 417 708 partem
445 641 514 710 legio
533 642 582 694 iter
599 640 717 693 fecisset.
754 641 852 693 Caesar
869 639 951 710 id,qt

70 716 134 778 erat,
154 709 311 779 suspicatus,
331 709 432 778 aliquid
456 711 518 764 novi
536 728 553 762 a
570 710 689 764 barbaris
707 711 805 762 initum
822 709 935 779 consilii,

70 775 178 847 hortes,²
189 795 260 848 quae
273 778 300 830 in
313 779 472 832 stationibus
485 789 568 850 erant,
582 796 675 832 secum
694 780 720 832 in
739 797 802 832 eam
819 788 951 850 partemp

70 847 162 917 licisoi,
175 865 210 901 ex
222 847 332 915 reliquis
349 847 417 899 duas
429 849 456 901 in
469 851 611 902 stationem
629 849 751 901 cohortes
768 848 924 919 succedere,
937 865 951 901 n

71 933 139 985 quas
155 917 252 969 armari
271 925 298 968 et
316 916 459 970 confestim
477 935 537 971 sese
556 918 685 987 subsequi
704 918 792 988 jussit.
829 919 900 971 Cum
915 934 951 988 pa

69 985 175 1054 longius
193 1003 210 1037 a
228 986 322 1038 castris
337 988 519 1058 processisset,
533 1005 595 1040 suos
613 988 649 1042 ab
669 988 790 1041 hostibus
810 987 897 1056 premi
914 994 951 1041 att

69 1071 150 1123 aegre
163 1056 294 1108 sustinere
308 1064 342 1126 et,
356 1055 475 1109 conferta
487 1057 611 1127 legione,⁸
622 1075 656 1110 ex
668 1058 792 1111 omnibus
809 1055 951 1126 partibust

70 1125 166 1195 conjici
184 1124 383 1178 animadvertit.
418 1127 491 1180 Nam
509 1128 579 1196 quod
600 1128 673 1180 omni
694 1144 728 1179 err
748 1127 858 1195 reliquis
877 1126 951 1194 parti}

70 1194 196 1248 demesso
208 1195 342 1248 frumento
360 1212 421 1265 pars
433 1213 487 1248 una
499 1204 555 1248 erat
568 1196 677 1266 reliqua,
691 1197 819 1266 suspicati
835 1196 928 1249 hostes
944 1195 951 1250 l

69 1273 173 1318 nostros
196 1281 257 1317 esse
275 1271 403 1316 venturos
425 1273 506 1319 noctu
526 1266 553 1318 iu
575 1265 648 1318 silvis
666 1265 843 1332 delituerant;
868 1272 928 1318 tum
945 1283 951 1318 t

70 1350 162 1405 persus
186 1333 315 1403 depositis
337 1335 419 1387 armis
443 1335 471 1387 in
493 1335 621 1388 metendo
639 1345 783 1404 occupatos
807 1334 895 1387 subito
913 1335 951 1388 ad·

71 1405 166 1476 paucis
185 1403 334 1457 interfectis
353 1404 470 1473 reliquos
488 1405 596 1458 incertis
616 1405 752 1458 ordinibus
770 1404 951 1476 perturbavere

71 1474 153 1528 simul
165 1474 287 1544 equitatu
300 1481 381 1543 atqua
394 1473 498 1527 essedis
509 1474 751 1529 circumdederant.

106 1549 147 1597 33.
166 1546 259 1598 Genus
281 1544 333 1598 hoo
351 1554 393 1597 est
411 1561 446 1598 ex
463 1545 569 1598 essedis
586 1561 708 1614 pugnae:
733 1544 819 1614 primo
836 1560 885 1613 per
902 1561 951 1597 orn:

70 1625 161 1684 partes
172 1614 353 1684 perequitant⁴
363 1624 391 1667 et
403 1614 458 1668 tela
474 1614 617 1685 conjiciunt
636 1623 717 1684 atque
734 1615 791 1683 ipso
806 1622 904 1666 terrore
916 1629 952 1683 eq

71 1700 132 1737 tum
155 1693 183 1737 et
207 1684 318 1754 strepitu
342 1693 460 1737 rotarum
483 1685 591 1738 ordines
608 1683 767 1753 plerumque
786 1683 950 1754 perturbant,

71 1770 134 1806 cum
148 1770 177 1806 sa
189 1753 257 1806 inter
269 1754 393 1822 equiturn
412 1764 513 1808 turmas
532 1755 740 1822 insinuaverunt,
753 1770 788 1807 ex
806 1753 910 1806 essedis
928 1751 951 1806 dt

71 1822 140 1876 liunt
157 1831 185 1876 et
203 1822 317 1892 pedibus
340 1822 511 1892 proeliantur.
555 1825 673 1892 Aurigae
691 1823 798 1876 interim
815 1822 947 1892 paulatim

71 1891 171 1962 proelio
191 1892 327 1944 excedunt
345 1900 426 1962 atque
445 1893 483 1945 ita
502 1910 595 1946 currus
613 1892 751 1962 collocant,
765 1901 794 1945 ut
807 1894 829 1944 si
842 1892 891 1945 illi⁸
901 1908 919 1944 a
929 1907 951 1945 rr

72 1960 323 2013 titudinehostium
361 1970 504 2032 remantur,
524 1963 684 2030 expeditum
708 1963 743 2013 ad
769 1979 832 2015 suos
858 1968 950 2032 recept

71 2028 198 2083 habeant.
235 2029 277 2082 Ita
295 1977 474 2083 mobilitatem
492 2033 622 2100 equitum,
636 2031 813 2086 stabilitatem
830 2031 951 2101 peditum

70 2097 181 2170 proeliis
192 2106 329 2168 praestant
348 2115 381 2152 ac
401 2107 505 2152 tantum
524 2117 575 2153 usu
587 2101 742 2170 quotidiano
762 2109 789 2153 et
808 2099 951 2154 exercitati«

71 2168 200 2237 efficiunt,
214 2168 253 2220 uti
265 2167 293 2221 iu
306 2167 405 2221 declivi
417 2185 451 2222 ac
462 2170 603 2240 praecipiti
620 2170 679 2223 loco
698 2170 821 2222 incitatos
838 2186 925 2240 equos
941 2186 951 2223 s

72 2239 157 2292 tinere
169 2246 196 2291 et
208 2237 293 2291 brevi⁰
303 2237 437 2307 moderari
457 2256 489 2292 ac
508 2239 618 2293 flectere
637 2248 664 2293 et
676 2257 724 2310 per
736 2247 873 2292 temonem
892 2254 951 2309 perc

71 2324 130 2362 rere
143 2316 170 2361 et
183 2309 208 2361 in
220 2309 285 2379 jugo
297 2307 420 2361 insistere
432 2317 460 2362 et
472 2326 502 2362 se
515 2309 578 2363 inde
591 2310 617 2362 in
630 2326 724 2362 currus
736 2309 867 2363 citissime
879 2309 951 2380 recip

71 2378 233 2433 consuerint.

108 2452 151 2505 34.
169 2448 274 2508 Quibus
286 2449 365 2503 rebus
376 2448 537 2520 perturbatis
554 2447 651 2501 uostris
667 2448 784 2501 novitate
802 2448 919 2518 pugnae'
931 2455 951 2500 tt

100 2642 109 2670 ¹
120 2638 237 2701 Namely,
248 2641 362 2688 between
371 2639 414 2688 the
423 2639 471 2704 day
479 2656 510 2689 on
518 2639 600 2689 which
608 2639 650 2689 the
659 2638 759 2688 Britons
770 2637 818 2686 had
828 2635 951 2686 surrender

71 2698 118 2747 and
129 2698 171 2747 the
182 2709 279 2758 present
290 2707 408 2767 moment.
599 2720 601 2723 ·

72 2771 156 2879 vi¹347t
174 2771 235 2821 each
255 2781 312 2832 gato
332 2771 361 2820 os
380 2772 422 2821 the
444 2787 514 2832 camp
540 2787 586 2821 one
606 2771 690 2820 cohort
706 2785 758 2820 was
778 2767 910 2819 stationed.
950 2804 951 2814 .

100 2902 110 2932 ⁸
121 2901 235 2964 Consano
245 2903 369 2965 legiensis
380 2904 422 2955 the
434 2903 540 2954 ablativa
551 2904 671 2955 absolute.

100 2975 276 3047 ‘Rereqaiture
286 2976 311 3024 in
321 2977 371 3026 this
379 2992 484 3060 passage
496 2976 644 3046 showsthat
654 2986 761 3045 equam
770 2984 813 3024 not
822 2974 881 3036 only
889 2972 951 3037 sigui

74 3042 115 3087 ‘to
125 3036 176 3087 nde
187 3051 219 3085 on
229 3035 376 3094 horsebaclr,
399 3038 443 3085 but
454 3036 506 3087 also
520 3041 558 3084 ‘to
569 3037 620 3086 ride
632 3052 657 3085 tn
667 3053 682 3085 a
692 3036 802 3086 chamot!

101 3110 240 3171 'Namely‚
253 3110 296 3159 the
307 3111 427 3159 warriors.

99 3187 108 3214 ⁰
121 3184 147 3234 N
148 3183 239 3244 amely,
249 3192 356 3246 tempore.

102 3259 187 3308 'That
199 3259 229 3314 is,
245 3257 337 3318 Quium
349 3260 417 3306 rebus
427 3273 499 3317 quum
508 3258 631 3306 occidisset
642 3267 669 3306 at
680 3260 785 3309 novitate
791 3274 891 3320 pugnus
902 3266 951 3319 pen

73 3318 188 3367 darentur
197 3319 283 3365 mitri.
315 3316 371 3366 The
382 3315 461 3365 words
473 3317 620 3378 perturbetis
630 3319 720 3367 nostro
736 3332 793 3379 may
804 3318 835 3367 be
851 3315 951 3370 talsano
