2146 3704
456 111 549 154 nisan
563 53 609 156 [vr.
938 96 998 158 tte

69 217 104 282 sb
126 235 160 273 eo
182 236 236 274 non
260 219 365 290 lougius
386 219 462 276 bidui
482 222 527 276 via
548 222 667 293 aberant,
689 239 776 292 quum
798 223 866 278 duas
888 223 998 281 venisse

69 289 190 359 legiones
210 289 296 344 missu
316 291 439 345 Caesaris
458 300 630 360 cognoscunt.
666 293 763 346 Positis
782 294 878 347 tastris
894 310 912 347 o
928 294 998 348 mili·

70 359 121 417 bus
140 377 272 430 passuum
289 377 342 429 xv,
360 361 461 414 auxilia
478 363 672 415 Germanorum
693 370 851 432 exspectare
871 364 998 416 coustitu-

69 438 126 484 unt.
163 429 306 498 Labienus,
325 429 441 484 hostium
460 430 565 499 cognito
582 431 699 501 consilio,
718 448 829 502 sperans
846 433 998 486 temeritate

70 516 165 553 eorum
184 498 240 551 sore
260 497 380 568 aliquam
400 498 546 553 dimicandi
566 497 731 570 facultatem,
752 500 887 572 praesidio
907 501 999 556 cohor·

69 569 138 622 tium
150 568 271 637 quinque
283 568 484 638 impedimentis
497 568 595 640 relicto,
608 587 672 623 cum
683 587 746 624 xxv.
758 570 913 625 cohortibus
924 588 999 640 mag·

67 651 158 708 noque
179 638 302 706 equitatu
321 646 412 690 contra
432 636 537 691 hostem
561 639 743 710 proficiscitur,
764 648 792 693 et
809 641 850 694 M.
869 657 1000 711 passum

69 705 222 762 intermisso
246 705 338 775 spatio,
363 713 451 758 castra
473 708 631 761 communit.
666 708 733 762 Erat
754 708 824 762 inter
837 709 1000 765 ,Labienum

68 785 152 847 etque
176 776 283 830 hostem
302 774 408 829 difficili
430 777 540 832 transitu
560 778 672 833 flumen¹
692 778 811 851 ripisque
830 780 998 851 praeruptis:

69 844 122 902 boc
134 862 224 917 neque
236 846 294 916 ipse
306 845 418 898 transire
430 845 456 898 in
469 846 559 900 animo
572 847 698 918 habebat,
711 866 801 920 neque
818 848 911 911 hostes
930 858 1000 904 trau·

69 916 168 988 situros
181 959 184 967 ,
197 914 377 969 existimabat.
412 916 570 985 Augebatur
594 918 754 973 auxiliorum
779 919 899 989 quotidie
926 936 998 990 spes.

69 984 201 1056 Loquitur
218 986 245 1039 in
264 985 373 1039 consilio
390 984 488 1055 palam,
502 986 629 1056 quoniam
641 987 769 1042 Germani
783 989 999 1068 appropinquare

68 1055 200 1125 dicentur,
214 1072 275 1108 sese
288 1072 351 1108 suas
363 1055 549 1126 exercitusque
562 1056 682 1111 fortunas
699 1059 727 1111 in
745 1057 868 1112 dubrum’
884 1074 938 1112 non
951 1057 999 1111 de·

70 1133 229 1180 vocaturum
247 1133 275 1177 et
328 1133 397 1178 stero
413 1125 458 1178 die
471 1127 558 1195 prima
569 1126 630 1181 luce
642 1135 730 1181 castra
740 1136 886 1182 moturum.
923 1127 999 1182 Cele-

70 1196 133 1250 riter
151 1193 221 1247 haec
238 1194 273 1247 ad
310 1203 382 1247 ostes
397 1194 562 1264 deseruntur,
575 1204 605 1248 ut
617 1214 652 1249 ex
663 1215 761 1266 magno
774 1198 914 1251 Gallorum
924 1197 999 1267 equi-

71 1272 143 1319 tatus
163 1281 275 1317 numero
298 1263 438 1318 nonnullos
457 1263 567 1317 Gallicis
587 1264 668 1318 rebus
688 1267 779 1319 lavere
799 1267 902 1319 natura¹
921 1283 999 1334 coge-

70 1333 125 1388 bat.
163 1333 305 1387 Labienus·-
318 1342 406 1402 noctu,
426 1332 538 1386 tribunis
557 1333 674 1386 militum
695 1335 842 1403 primisque
861 1334 999 1388 ordinibus

70 1404 178 1474 coactis,
191 1403 256 1472 quid
276 1403 317 1456 sui
337 1402 371 1455 sit
390 1401 493 1456 consilii
511 1403 639 1481 proponit,
653 1411 680 1456 et
695 1420 747 1474 quo
759 1402 866 1457 facilius
877 1403 1000 1457 hostibus

71 1474 175 1528 timoris
194 1473 240 1526 det
259 1473 448 1542 suspicionem,
468 1489 570 1541 majore
591 1472 703 1542 strepitu
722 1481 749 1526 et
769 1472 895 1543 tumultu,
917 1490 1001 1544 quam

71 1542 162 1614 populi
185 1543 297 1597 Romani
321 1542 373 1595 fert
396 1542 567 1613 consuetudo,
591 1550 679 1595 castra
702 1543 804 1597 moveri
828 1542 915 1612 jubet.
950 1542 1001 1596 His

65 1613 152 1667 *rebus
170 1612 251 1681 fugae
269 1611 388 1665 similem
405 1612 598 1682 prosectionem
616 1612 709 1666 efficit.
745 1612 821 1665 Haec
832 1629 939 1682 quoque
951 1627 1001 1682 per

73 1683 252 1753 exploratores
263 1689 326 1735 ante
339 1681 436 1752 lucem,
449 1681 486 1735 in⁴
498 1689 572 1735 tanta
584 1682 780 1753 propinquitate
792 1691 949 1753 castrorum,
962 1679 999 1735 ad

59 1760 61 1767 ’
72 1750 163 1806 hostes
175 1751 340 1805 deferuntur.

106 1827 132 1875 8.
150 1821 205 1874 Vix
225 1838 322 1889 agmen
343 1821 520 1875 novissimum
540 1829 616 1875 extra
638 1822 802 1876 munitiones
824 1828 999 1892 processerat,

58 1907 156 1962 ,quum
170 1890 247 1960 Galli,
261 1890 389 1943 cohortati
401 1893 470 1943 inter
482 1907 519 1960 se,
536 1909 571 1944 ne
589 1901 726 1960 speratam
743 1892 872 1963 praedam
890 1909 925 1945 ex
942 1908 1000 1944 ma-

72 1961 151 2015 tribus
175 1960 354 2020 dimitterent;
378 1958 498 2028 longum⁵
519 1977 587 2030 esse,
609 1962 754 2030 perterritis
777 1962 913 2030 Romanis,
934 1961 999 2014 Ger·

71 2047 213 2084 manorum
231 2029 362 2082 auxilium
380 2037 554 2098 exspectare,
573 2046 662 2098 neque
675 2048 754 2084 suam
765 2033 821 2100 pati
832 2032 1000 2100 dignitatem,

70 2111 99 2160 ut
119 2100 201 2153 tantis
218 2116 250 2152 co
270 2098 303 2150 iis
321 2106 377 2150 tam
395 2099 521 2166 exiguam
539 2115 658 2168 manum,
672 2101 830 2169 praesertim
850 2101 1002 2168 lugientem

70 2179 153 2240 atque
174 2117 341 2238 impeditam,
362 2167 458 2219 adoriri
483 2183 535 2220 non
558 2166 691 2235 audeant3
715 2168 817 2221 flumen
841 2169 952 2221 transire
972 2176 1001 2222 et

69 2239 163 2310 iniquo
183 2238 241 2291 loco
261 2237 394 2307 proelium
414 2236 584 2289 committere
604 2253 657 2290 non
677 2235 809 2290 dubitant.
846 2237 922 2295 Quae
943 2237 1000 2290 lore

73 2450 77 2453 <
100 2415 109 2442 ¹
119 2412 176 2460 The
187 2411 251 2459 river
261 2409 343 2458 which
356 2409 448 2456 Caesar
458 2407 517 2455 here
528 2407 652 2456 mentions
663 2418 729 2456 must
740 2408 803 2456 have
814 2409 877 2456 been
888 2407 931 2456 the
942 2407 998 2456 Μο.

68 2470 307 2592 ἱζίἰίοῑε(1ξ<ἐῗεὲὲεᾏ,θῗι
317 2469 381 2516 river
391 2467 473 2516 which
485 2467 578 2516 Caesar
588 2467 647 2516 does
664 2477 706 2516 not
723 2467 854 2527 anywhere
870 2466 999 2528 designate

100 2602 150 2651 ’In
160 2604 257 2651 dubium
266 2606 384 2658 deuocare,
400 2605 440 2649 ‘to
451 2594 541 2658 subest
555 2616 582 2649 or
595 2606 636 2649 ‘to
646 2600 716 2650 risk!

100 2676 217 2725 ’Natura
227 2675 286 2723 here
297 2675 327 2731 is,
343 2675 399 2722 ‘the
416 2673 470 2721 love
482 2673 511 2721 of
523 2684 596 2722 count
638 2673 719 2724 which
730 2673 752 2723 is
763 2671 898 2733 implanted
914 2672 1000 2721 intour

69 2737 177 2793 nature,'
190 2736 237 2783 and
248 2734 329 2782 which
340 2749 409 2782 some
420 2733 449 2781 ol
460 2733 502 2781 the
515 2733 596 2782 Gallio
629 2749 742 2783 orsemen
752 2733 810 2781 who
820 2732 909 2782 served
920 2732 946 2780 in
956 2731 999 2780 tlie

71 2795 171 2845 Roman
182 2809 251 2855 army
262 2794 335 2842 could
345 2803 387 2841 not
398 2792 479 2841 resist.
1015 2798 1018 2805 ’

101 2869 176 2916 ⁴The
187 2867 336 2928 preposition
352 2867 411 2914 here
427 2866 538 2914 contains
555 2867 598 2915 the
615 2864 708 2914 ideaof
721 2880 809 2914 cause:
830 2860 1000 2922 ‘considering

71 2927 144 2985 that‚'
157 2943 185 2976 or
198 2929 317 2976 ‘because
329 2926 371 2973 the
382 2941 466 2985 campe
478 2941 542 2974 were
554 2942 582 2974 so
593 2941 651 2976 near
661 2923 722 2973 each
732 2923 819 2972 othen'

101 3001 293 3063 ⁶Ltmgcmesse
301 3017 312 3057 ,·
330 2999 379 3047 this
391 2999 494 3059 positive
510 2999 555 3047 has
571 2999 613 3047 the
629 2997 744 3058 meaning
754 2996 782 3044 of
794 3011 809 3043 a
819 2992 997 3062 consparsum

73 3077 100 3109 us
120 3062 142 3109 is
160 3059 227 3111 osten
248 3061 289 3109 the
309 3075 373 3114 case,
396 3060 527 3118 especially
536 3061 604 3130 ,with
625 3058 757 3115 adjectives
772 3055 894 3160 ,serotini
910 3067 960 3120 srze
971 3068 999 3102 or

73 3135 155 3230 quge,
169 3123 230 3170 such
241 3137 268 3168 as
280 3123 377 3180 longos,
388 3121 489 3174 maltos,
503 3136 613 3180 exiguus.
645 3115 752 3173 hender,
769 3121 801 3163 ‘rt
813 3113 879 3164 woul
905 3113 941 3161 be
957 3121 999 3165 too
