2146 3704
76 257 135 318 112
377 277 420 319 nr
441 278 537 319 annno
556 277 694 321 escoron.

73 383 210 439 onerariae
227 383 298 439 duae
311 384 429 457 eosdem,
444 404 511 457 quos
523 387 625 458 reliqui,
639 396 729 458 portus
744 402 840 457 capere
858 402 911 440 non
922 395 999 459 petu-

73 463 152 508 erunt
164 464 191 508 et
202 454 282 525 paulo
294 454 362 508 infra
374 455 479 510 delatae
492 466 562 509 sunt.

108 529 152 578 at.
170 525 275 584 Quibus
289 542 324 578 ex
342 527 456 581 navibus
474 542 538 579 cum
556 532 646 577 essent
658 524 771 595 expositi
783 524 885 578 milites
896 525 1000 582 circiter

73 595 186 648 trecenti
201 603 283 665 atque
299 595 327 648 in
344 604 432 649 castra
449 594 647 664 contenderent,
661 595 768 665 Morini,
782 611 850 664 quos
862 596 963 648 Caesar
973 597 1000 652 in

72 663 237 719 Britanniam
256 665 427 736 proficiscens
449 673 559 735 pacatos
578 663 728 735 reliquerat,
749 681 797 734 spe
816 665 936 734 praedae
954 666 1002 720 ad·

72 733 146 788 ducti
164 733 249 805 primo
265 751 317 788 non
334 735 372 787 ita
389 751 487 804 magno
505 751 614 787 suorum
627 750 740 788 numero
755 735 1000 790 circumstetemut¹

71 803 143 858 acsi
159 820 220 858 sese
238 804 352 858 interfici
369 804 477 874 nollent,
490 821 566 857 arma
583 820 682 885 ponere
698 802 841 874 jusserunt.
879 806 950 860 Cum
962 806 1001 861 illi

71 873 136 927 orbe
148 873 219 927 sacto
231 889 292 926 sesa
310 871 494 943 defenderent,
508 873 632 927 celeriter
648 873 683 927 ad
700 873 845 927 clamorem
859 872 1001 930 hominum

72 943 177 996 circiter
195 942 271 996 milia
288 958 337 996 sex
354 950 545 997 convenerunt.
581 943 683 1002 Quare
699 944 820 997 nuntiata
832 943 933 997 Caesar
944 962 1000 999 om·

71 1028 135 1066 nem
154 1028 189 1065 ex
207 1011 301 1078 castris
317 1028 334 1064 e
352 1012 467 1066 uitatum
486 1012 542 1066 suis
559 1013 658 1066 auxilio
675 1012 759 1067 misit.
794 1013 904 1067 interim
917 1016 1001 1070 nostri

71 1081 172 1135 milites
190 1081 323 1153 impetum
363 1082 461 1136 ostium
485 1083 667 1136 sustinuerunt
689 1092 772 1152 atque
792 1083 910 1152 amplius
928 1083 1001 1139 boris

71 1159 185 1221 quatuor
197 1150 341 1205 fortissime
358 1159 544 1223 pugnaverunt
556 1159 583 1204 et
599 1152 693 1223 paucis
704 1152 862 1206 vulneribus
878 1154 1001 1224 acceptis

71 1219 224 1291 complures
244 1237 279 1274 err
297 1220 340 1275 his
359 1220 523 1274 occiderunt.
559 1221 659 1275 Postea·
674 1229 844 1291 veroquam
862 1223 1001 1292 equitatus

71 1298 161 1343 noster
175 1291 203 1343 in
219 1299 394 1360 conspectam
408 1290 490 1360 venit,
509 1290 601 1344 hostes
616 1290 731 1361 abjectis
749 1293 833 1345 armis
849 1299 926 1362 terga
940 1309 1000 1346 ver-

72 1366 160 1413 terunt
170 1375 340 1430 magnusque
352 1377 445 1415 eorum
457 1377 586 1414 numerus
598 1369 639 1413 est
651 1360 765 1413 occisus.

91 1492 92 1495 Ἴ
106 1432 149 1482 38.
168 1430 268 1482 Caesar
286 1438 391 1500 postero
408 1429 452 1483 die
467 1429 559 1484 Titum
571 1430 721 1484 Labienum
737 1429 857 1498 legatum
875 1446 941 1484 oum
956 1429 1000 1485 his

71 1498 97 1552 le
117 1498 229 1571 onibus,
246 1515 315 1570 quas
333 1517 368 1554 ex
385 1499 520 1553 Britannia
536 1499 686 1571 reduxerat,
703 1500 730 1552 in
746 1500 872 1569 Morinos,
891 1501 940 1569 qui
958 1516 1000 1553 re-

71 1567 218 1623 helionem
235 1568 363 1641 fecerant,
376 1569 457 1623 misit.
494 1568 547 1628 Qui
564 1586 626 1623 cum
639 1577 746 1640 propter
764 1569 909 1622 siccitates'
923 1568 1000 1639 palus

71 1637 203 1708 dumque
215 1655 245 1692 se
263 1640 421 1709 reciperent,
434 1655 486 1692 non
499 1638 636 1708 haberent,
649 1655 703 1708 quo
756 1639 843 1707 rlugio
860 1640 1000 1709 superiore

70 1708 150 1777 cnud
161 1716 236 1760 erant
245 1709 295 1779 usi,
304 1725 400 1762 omnes
410 1708 468 1761 fere
477 1707 503 1760 in
515 1715 677 1778 potestatem
685 1709 724 1761 La
744 1708 797 1761 iani
809 1717 998 1778 pervenerunt.

72 1778 107 1831 At
124 1776 157 1836 Q.
173 1777 293 1831 Titurius
312 1786 340 1831 et
357 1779 389 1831 L.
405 1778 482 1832 Cotta
499 1776 589 1848 legati,
608 1777 654 1847 qui
673 1778 701 1831 in
719 1777 911 1858 Menapiorum
928 1778 999 1832 fines

70 1847 191 1916 legiones
210 1846 348 1920 duxerant,
369 1847 496 1901 omnibus
516 1864 609 1901 eorum
627 1847 698 1916 agris
716 1854 834 1916 vasmtrs,
854 1846 998 1900 frumentis

70 1915 191 1984 succisis,
207 1915 340 1970 aedificiis
358 1917 482 1986 incensis,
499 1918 570 1986 quod
588 1916 711 1987 Menapii
729 1934 759 1970 se
776 1933 872 1972 omnes
888 1916 917 1968 in
931 1916 998 1969 den·

70 1984 192 2038 sissimas
200 1984 282 2038 silvas
291 1984 457 2054 abdiderant,
468 2001 497 2037 se
506 1986 541 2038 ad
554 1987 698 2040 Caesarem
706 1995 874 2056 receperunt.
898 1986 999 2038 Caesar

71 2055 100 2108 in
122 2054 213 2123 Belgis
236 2054 358 2107 omnium
381 2054 519 2124 legionum
542 2054 654 2108 hiberna
679 2055 824 2109 constituit.
860 2056 900 2109 Bo
926 2055 997 2108 duae

70 2123 178 2178 omnino
196 2123 321 2177 civitates
339 2139 373 2177 ex
385 2122 520 2177 Britannia
534 2124 643 2178 obsides
661 2125 799 2196 miserunt,
813 2123 933 2194 reliquae
950 2141 997 2177 oe·

69 2193 219 2263 glexerunt.
255 2192 305 2246 His
324 2192 405 2247 rebus
424 2193 509 2262 gestis
529 2210 564 2248 ex
582 2193 676 2247 literis⁴
694 2194 817 2248 Caesaris
835 2193 942 2248 dierum
958 2194 998 2248 ri·

68 2262 137 2334 giuti
149 2261 308 2335 supplicatio
320 2279 337 2318 a
348 2271 444 2318 senatu
456 2261 566 2319 decreta
577 2271 627 2317 est.

99 2443 236 2508 'Namara
249 2462 300 2505 eor:
318 2446 370 2497 tbat
386 2447 416 2504 is,
430 2446 472 2496 the
488 2446 557 2496 three
573 2445 683 2496 hundred
698 2447 756 2496 who
770 2445 820 2496 bad
834 2446 932 2504 lauded,
949 2443 998 2496 eod

69 2519 136 2555 were
146 2504 277 2568 hastening
284 2507 391 2556 towards
399 2506 441 2555 the
449 2521 529 2566 camp,
537 2505 627 2563 which,
635 2506 660 2554 in
668 2505 783 2556 Caesar's
791 2507 907 2563 absence,
915 2521 997 2557 seems

69 2565 261 2685 {hahffibeen
281 2566 389 2628 guarded
409 2567 443 2627 by
462 2565 589 2635 Sulpicius¹
604 2564 694 2624 Rufus,
714 2580 773 2614 near
790 2565 833 2614 the
854 2574 917 2625 port.
949 2564 997 2614 See

98 2697 173 2747 ²Ths
191 2697 269 2758 plural
285 2700 403 2748 enodatas
420 2697 495 2747 refers
514 2709 540 2746 to
557 2697 598 2747 tbe
614 2695 710 2746 several
726 2683 809 2757 places
826 2696 851 2744 in
862 2695 944 2745 which
955 2688 997 2745 tha

69 2754 172 2816 dryness
183 2756 316 2817 prevented
326 2758 390 2805 their
400 2756 486 2818 taking
496 2756 589 2818 refuge,
598 2772 627 2805 so
637 2756 689 2805 that
697 2757 813 2806 arbritates
824 2755 846 2804 is
857 2755 997 2816 equivalant

68 2824 95 2864 to
105 2817 179 2864 ciccae
185 2817 296 2878 paludes.
328 2816 448 2876 Compare
459 2832 483 2865 v.
494 2819 533 2874 at,
546 2816 578 2865 ri.
590 2819 628 2875 30,
640 2818 678 2865 ³4.

98 2886 108 2916 ,

97 2887 266 3019 ⁴522th'
276 2887 383 3022 dahely,
396 2961 422 3010 in
431 2959 513 3014 which
525 2961 617 3016 Caesar
626 2960 675 3012 bad
685 2927 798 3023 reported
813 2970 839 3010 to
854 2961 897 3010 the
911 2969 996 3011 senate

68 3021 144 3070 about
154 3020 192 3070 bis
204 3020 252 3069 late
263 3021 411 3082 campaigns.
437 3016 493 3070 'l'he
501 3021 583 3082 public
592 3020 766 3083 thanksgiring
776 3035 809 3069 oo
818 3021 872 3069 that
883 3019 996 3070 occmioo

68 3089 188 3192 serareipppnto
199 3081 261 3132 hare
272 3082 337 3132 been
346 3079 439 3143 mainly
445 3079 549 3132 decreed
557 3096 590 3131 on
597 3090 699 3152 account
708 3080 737 3130 of
743 3080 782 3132 his
793 3079 935 3143 expedition
944 3087 996 3130 mto
