2146 3704
74 238 131 299 142
379 255 420 294 nu
440 253 538 295 annno
559 252 695 294 oannrco.

70 382 123 419 non
141 363 279 417 decimum
295 378 430 434 quemque
448 380 509 418 esse
526 363 649 418 relictum
665 361 781 416 militem
798 361 856 416 sine
872 360 993 420 vulnere.

71 435 113 489 Ex
125 435 167 488 his
178 433 303 498 omnibus
312 433 415 502 judicat
426 433 514 504 rebus,
527 441 625 504 quanto
637 448 701 485 cum
712 430 829 502 periculo
848 439 875 485 et
893 443 994 504 quauta

70 522 135 560 curn
147 506 243 558 virtute
256 520 299 557 res
311 505 364 557 sint
374 503 575 557 administratae
583 490 761 556 (Ciceronem
770 518 817 574 pro
826 502 887 582 ejus
897 505 994 558 merito

70 575 259 644 legionemque
277 573 426 635 collaudat:
451 573 620 627 centuriones
643 571 796 641 singillatim
821 571 995 645 tribunosque

70 645 188 701 militurn
199 643 325 715 appellat,
334 654 446 714 quorum
458 643 595 714 egregiam
606 641 689 694 fuisse
702 643 829 695 virtutem
841 642 995 697 testimonio

70 715 205 770 Ciceronis
223 721 390 784 cognoverat.
427 713 468 767 De
486 728 551 766 casu
573 711 665 765 Sabini
687 721 715 764 et
732 712 825 765 Cottae
842 713 943 766 certius
961 731 996 768 ex

70 788 183 858 captivis
201 782 343 852 cognoscit.
380 782 487 836 Postero
503 781 548 834 die
564 781 691 834 concione
705 779 798 834 habita
813 791 996 852 remigestam

69 855 197 925 proponit,
210 854 312 905 milites
329 851 479 905 consolatur
496 861 523 903 et
541 851 695 905 confirmat:
714 851 785 922 quod
803 850 996 906 detrimentum

69 923 149 993 culpa
165 931 193 975 et
210 920 360 974 temeritate
378 919 460 989 legati
478 920 512 972 sit
529 929 681 990 acceptum,
694 919 745 973 hoc
760 921 887 992 aequiore
905 922 995 975 auimo

69 991 212 1045 ferendum
226 989 312 1060 docet,
326 988 404 1059 quod,
417 988 549 1042 beneficio
565 989 678 1043 deorum
693 989 886 1044 immortalium
902 998 930 1045 et
943 990 995 1044 vir-

69 1068 127 1115 tute
145 1076 238 1112 eorum
255 1061 361 1130 expiato
379 1059 556 1128 incommodo,
575 1075 664 1128 neque
682 1057 803 1114 hostibus
820 1058 924 1112 diutina
940 1059 995 1114 lae·

70 1130 152 1200 tatio,¹
164 1145 252 1198 neque
265 1130 331 1200 ipsis
343 1128 444 1198 longior
455 1129 528 1182 dolor
540 1129 714 1199 relinquatur.

105 1205 147 1252 53.
165 1199 276 1253 Interim
293 1199 328 1252 ad
347 1199 498 1254 Labienum
512 1215 560 1270 per
572 1198 673 1253 Remos
689 1197 838 1253 incredibili
856 1197 996 1252 celeritate

69 1268 233 1322 devictoris
252 1269 372 1322 Caesaris
395 1269 469 1323 fama
510 1267 630 1337 erfertur,
649 1275 687 1339 ut,
707 1285 791 1338 quum
814 1268 850 1323 ab
874 1266 996 1323 hibernis

69 1336 205 1393 Ciceronis
227 1338 304 1391 milia
326 1355 456 1408 passuum
478 1286 587 1392 abesset
615 1337 720 1392 circiter
742 1356 796 1409 nx,
822 1354 909 1409 eoque
923 1346 994 1409 ‘post

69 1406 163 1461 horam
181 1423 281 1461 nonam
296 1407 351 1462 diei
367 1409 466 1461 Caesar
480 1407 654 1478 pervenisset,
667 1415 730 1461 ante
748 1407 867 1462 mediam
887 1417 996 1463 noctem

69 1477 104 1531 ad
119 1484 209 1547 portas
224 1485 371 1532 castrorum
385 1476 485 1531 clamor
502 1477 618 1546 oriretur,
634 1492 686 1546 quo
703 1476 820 1531 clamore
838 1477 996 1546 significatio

69 1547 196 1601 victoriae
208 1548 402 1616 gratulatioque
420 1546 455 1600 ab
470 1547 564 1600 Remis
580 1544 699 1600 Labieno
713 1546 810 1601 fieret?
844 1547 904 1600 Hac
921 1546 996 1601 fama

69 1615 104 1670 ad
127 1617 252 1696 Treviros
277 1616 387 1688 perlata,
406 1615 610 1685 Indutiomarus,
635 1616 682 1685 qui
707 1622 813 1686 postero
838 1616 883 1676 die
908 1625 997 1670 castra

69 1684 182 1739 Labieni
213 1703 367 1757 opugnare
399 1685 562 1755 decreverat,
587 1693 668 1739 noctu
699 1685 816 1756 profugit
849 1685 996 1757 copiasque

69 1764 165 1808 omnes
182 1755 209 1809 in
228 1704 352 1809 hreviros
369 1754 481 1808 reducit.
517 1756 616 1808 Caesar
633 1754 746 1809 Fabium
765 1766 830 1809 cunr
846 1755 951 1824 legione
969 1755 996 1811 in

70 1840 119 1878 sua
131 1825 242 1879 remittit
254 1825 373 1897 hiberna,
387 1825 446 1894 ipse
457 1841 520 1878 cum
533 1824 617 1879 tribus
628 1824 778 1894 legionibus
790 1825 893 1879 circum
904 1824 996 1879 sama·

69 1894 203 1948 robriram
221 1895 296 1948 trinis
318 1893 446 1948 hibemis'
469 1893 590 1948 hiemare
614 1895 768 1963 constituit5
792 1901 819 1947 et
838 1895 911 1966 quod
929 1894 996 1949 tanti

69 1970 159 2017 motus
176 1961 280 2015 Galliae
298 1965 462 2030 exstiterant,
476 1970 559 2015 totam
577 1961 699 2018 hiemem
717 1965 776 2034 ipse
793 1963 828 2016 ad
846 1965 997 2019 exercitum

68 2047 180 2085 manere
192 2029 320 2083 decrevit.
363 2031 435 2084 Nam
447 2030 494 2085 illo
506 2031 674 2085 incommodo
687 2033 722 2086 de
734 2030 825 2087 Sabini
837 2041 924 2089 morte
936 2050 996 2104 per·
1068 2060 1071 2065 >

69 2099 131 2170 lato,
144 2115 239 2152 omnes
253 2098 309 2152 fere
322 2099 426 2152 Galliae
442 2099 567 2154 civitates
582 2099 617 2154 de
633 2101 704 2155 bello
720 2102 915 2175 consultabant,
930 2120 996 2157 nun·

69 2169 125 2223 cios
136 2167 336 2248 legationesque
345 2168 373 2223 in
384 2184 478 2223 omnes
490 2177 580 2240 partes
591 2169 771 2241 dimittebant,
782 2180 809 2223 et
821 2172 886 2243 quid
898 2171 995 2243 reliqui

70 2237 175 2292 consilii
192 2247 320 2308 caperent
331 2246 418 2308 ‚atque
431 2238 504 2293 unde
514 2238 621 2293 initium
637 2239 703 2295 belli
721 2240 798 2294 fieret
820 2240 995 2312 explorabant

69 2317 252 2379 nocturnaque
264 2306 291 2362 in
303 2306 369 2362 locis
380 2307 495 2363 desertis
507 2309 619 2363 concilia
631 2308 776 2364 habebant.
827 2326 897 2381 eque
909 2311 996 2366 ullum

70 2375 128 2432 fere
146 2377 227 2432 totius
244 2375 342 2432 hiemis
365 2385 474 2448 tempus
497 2377 556 2433 sine
580 2377 757 2433 sollicitudine
776 2379 898 2434 Caesaris
916 2380 996 2435 inter·

69 2447 161 2517 cessit,
174 2448 248 2518 quiu⁴
258 2446 378 2571 aliquem
390 2446 425 2500 de
443 2447 564 2501 conciliis
580 2465 613 2502 ao
630 2456 706 2502 motu
717 2448 856 2505 Gallorum
868 2450 997 2506 nuncium

69 2518 213 2590 acciperet.
249 2517 279 2571 In
324 2517 348 2571 is
371 2517 406 2571 ab
429 2517 460 2570 L.
478 2517 574 2572 Roscio
597 2517 693 2588 legato,
712 2534 795 2588 quern
814 2518 914 2588 legioni
931 2536 995 2577 1111.

100 2681 227 2731 ¹loetota‘o
237 2681 297 2730 does
307 2691 350 2730 not
361 2698 474 2731 occursu
518 2681 575 2731 here
591 2691 678 2742 except
690 2682 715 2730 in
725 2681 775 2731 this
786 2698 905 2752 passage;
922 2685 967 2733 but
978 2684 996 2732 it

70 2741 92 2790 is
102 2756 187 2800 every
197 2742 338 2799 expressive
348 2741 425 2798 word,
439 2757 470 2789 an
496 2741 532 2790 far
540 2742 621 2790 better
631 2741 713 2791 suited
723 2751 749 2790 to
760 2741 810 2791 thrs
822 2758 927 2805 passage
938 2743 997 2792 thau

70 2799 113 2849 the
130 2815 243 2847 common
253 2799 321 2847 word
336 2802 438 2857 laedio,
456 2801 501 2856 for,
514 2801 588 2862 being
604 2817 619 2849 a
634 2800 719 2850 verbal
735 2801 899 2860 substantive,
917 2802 936 2851 it
953 2818 996 2852 ax·

70 2873 168 2920 presses
179 2857 221 2905 the
232 2865 271 2906 act
282 2858 311 2905 of
317 2858 518 2918 rajoicingitself.

99 2928 218 2985 'Ficren
235 2926 285 2976 this
300 2928 455 2989 subjunctive
472 2930 580 2990 depende
594 2946 661 2991 upon
671 2948 726 2993 quo,
738 2931 820 2980 which
830 2933 943 2983 contains
953 2933 995 2982 the

70 2988 126 3039 idea
135 2987 163 3037 of
170 2997 216 3045 ut,·
234 2988 342 3048 numely,
352 2997 436 3036 tantus
447 2991 542 3048 clamor,
554 2999 581 3038 ut
593 3009 618 3039 eo
628 2994 810 3054 clonmrefierat.

99 3062 198 3112 'Trina
208 3063 303 3110 adema
314 3076 354 3111 are
374 3060 508 3111 ‘threeiold
520 3063 607 3112 winter
623 3066 759 3124 quarters3’
777 3065 935 3115 distributive
950 3080 994 3113 nu-

70 3122 161 3172 merals
177 3121 250 3182 being
260 3120 398 3182 frequently
409 3122 470 3172 used
481 3122 541 3171 with
552 3124 632 3182 plural
647 3139 725 3173 nouus
736 3123 818 3175 which
828 3124 893 3175 hara
903 3141 935 3175 uo
945 3125 994 3175 siu·

70 3180 259 3286 guqtllaqqgnstead
269 3180 297 3229 of
309 3181 416 3231 cardinal
426 3182 557 3232 numerals.
589 3183 637 3232 See
649 3183 749 3245 Zumpt,
761 3183 818 3234 Lat.
832 3185 914 3235 Graan.
926 3183 941 3238 i
952 3186 994 3233 lto

99 3313 108 3340 ⁴
122 3306 208 3370 Quinr
226 3311 278 3360 that
289 3311 319 3370 is,
332 3329 378 3375 qao
388 3329 446 3373 non,
458 3313 500 3363 the
511 3329 557 3376 quo
567 3313 685 3377 referring
696 3284 722 3364 to
732 3324 832 3379 tempus.
