<?xml version="1.0" encoding="UTF-8"?>
<!DOCTYPE html PUBLIC "-//W3C//DTD XHTML 1.0 Transitional//EN"
    "http://www.w3.org/TR/xhtml1/DTD/xhtml1-transitional.dtd">
<html xmlns="http://www.w3.org/1999/xhtml" xml:lang="en" lang="en">
 <head>
  <title>
</title>
<meta http-equiv="Content-Type" content="text/html;charset=utf-8" />
  <meta name='ocr-system' content='tesseract 3.04.00' />
  <meta name='ocr-capabilities' content='ocr_page ocr_carea ocr_par ocr_line ocrx_word'/>
</head>
<body>
  <div class='ocr_page' id='page_1' title='image "./cjuliicaesarisc02caesgoog_0055.png"; bbox 0 0 2146 3704; ppageno 0'>
   <div class='ocr_carea' id='block_1_1' title="bbox 68 190 688 254">
    <p class='ocr_par' dir='ltr' id='par_1_1' title="bbox 68 190 688 254">
     <span class='ocr_line' id='line_1_1' title="bbox 68 190 688 254; baseline -0.002 -5"><span class='ocrx_word' id='word_1_1' title='bbox 68 190 111 254; x_wconf 72' lang='grc'>46</span> <span class='ocrx_word' id='word_1_2' title='bbox 372 209 413 250; x_wconf 82' lang='lat' dir='ltr'>na</span> <span class='ocrx_word' id='word_1_3' title='bbox 434 208 532 249; x_wconf 80' lang='lat' dir='ltr'>annuo</span> <span class='ocrx_word' id='word_1_4' title='bbox 552 205 688 248; x_wconf 74' lang='lat' dir='ltr'>namuco.</span> 
     </span>
    </p>
   </div>
   <div class='ocr_carea' id='block_1_2' title="bbox 58 312 1000 2536">
    <p class='ocr_par' dir='ltr' id='par_1_2' title="bbox 63 312 999 787">
     <span class='ocr_line' id='line_1_2' title="bbox 63 312 994 387; baseline -0.003 -15"><span class='ocrx_word' id='word_1_5' title='bbox 63 318 216 372; x_wconf 75' lang='lat' dir='ltr'>Suanorum</span> <span class='ocrx_word' id='word_1_6' title='bbox 236 315 271 370; x_wconf 86' lang='lat' dir='ltr'>ad</span> <span class='ocrx_word' id='word_1_7' title='bbox 292 316 363 387; x_wconf 83' lang='lat' dir='ltr'>ripas</span> <span class='ocrx_word' id='word_1_8' title='bbox 381 315 468 371; x_wconf 84' lang='lat' dir='ltr'>Rheni</span> <span class='ocrx_word' id='word_1_9' title='bbox 485 316 648 384; x_wconf 81' lang='lat' dir='ltr'><strong>consedisse,</strong></span> <span class='ocrx_word' id='word_1_10' title='bbox 667 315 715 384; x_wconf 90' lang='lat' dir='ltr'>qui</span> <span class='ocrx_word' id='word_1_11' title='bbox 736 314 862 369; x_wconf 86' lang='lat' dir='ltr'><strong>Rhenum</strong></span> <span class='ocrx_word' id='word_1_12' title='bbox 881 312 994 369; x_wconf 83' lang='lat' dir='ltr'>transire</span> 
     </span>
     <span class='ocr_line' id='line_1_3' title="bbox 69 383 995 456; baseline -0.003 -16"><span class='ocrx_word' id='word_1_13' title='bbox 69 395 227 440; x_wconf 78' lang='lat' dir='ltr'>conarentur</span> <span class='ocrx_word' id='word_1_14' title='bbox 234 402 241 456; x_wconf 83' lang='lat'>3</span> <span class='ocrx_word' id='word_1_15' title='bbox 260 386 303 439; x_wconf 88' lang='lat' dir='ltr'>his</span> <span class='ocrx_word' id='word_1_16' title='bbox 315 403 440 456; x_wconf 88' lang='lat' dir='ltr'>praeesse</span> <span class='ocrx_word' id='word_1_17' title='bbox 452 387 574 440; x_wconf 80' lang='lat' dir='ltr'><strong>Nasuam</strong></span> <span class='ocrx_word' id='word_1_18' title='bbox 586 395 612 439; x_wconf 90' lang='lat' dir='ltr'>et</span> <span class='ocrx_word' id='word_1_19' title='bbox 625 385 789 438; x_wconf 81' lang='lat' dir='ltr'><strong>Cimberium</strong></span> <span class='ocrx_word' id='word_1_20' title='bbox 801 383 903 437; x_wconf 81' lang='lat' dir='ltr'>iratres.</span> <span class='ocrx_word' id='word_1_21' title='bbox 930 385 995 443; x_wconf 80' lang='lat' dir='ltr'>Qui·</span> 
     </span>
     <span class='ocr_line' id='line_1_4' title="bbox 70 453 996 509; baseline -0.001 -1"><span class='ocrx_word' id='word_1_22' title='bbox 70 456 122 509; x_wconf 90' lang='lat' dir='ltr'>bus</span> <span class='ocrx_word' id='word_1_23' title='bbox 146 456 227 509; x_wconf 86' lang='lat' dir='ltr'>rebus</span> <span class='ocrx_word' id='word_1_24' title='bbox 246 456 344 509; x_wconf 86' lang='lat' dir='ltr'>Caesar</span> <span class='ocrx_word' id='word_1_25' title='bbox 361 456 537 509; x_wconf 85' lang='lat' dir='ltr'>vehementer</span> <span class='ocrx_word' id='word_1_26' title='bbox 555 463 706 509; x_wconf 88' lang='lat' dir='ltr'>commotus</span> <span class='ocrx_word' id='word_1_27' title='bbox 729 454 919 507; x_wconf 86' lang='lat' dir='ltr'>maturandum</span> <span class='ocrx_word' id='word_1_28' title='bbox 944 453 996 507; x_wconf 90' lang='lat' dir='ltr'>sibi</span> 
     </span>
     <span class='ocr_line' id='line_1_5' title="bbox 70 523 997 595; baseline -0.003 -17"><span class='ocrx_word' id='word_1_29' title='bbox 70 525 241 595; x_wconf 85' lang='lat' dir='ltr'>existimavit,</span> <span class='ocrx_word' id='word_1_30' title='bbox 255 542 297 595; x_wconf 92' lang='lat' dir='ltr'>ne,</span> <span class='ocrx_word' id='word_1_31' title='bbox 311 525 333 577; x_wconf 91' lang='lat' dir='ltr'>si</span> <span class='ocrx_word' id='word_1_32' title='bbox 344 541 414 578; x_wconf 86' lang='lat' dir='ltr'>nova</span> <span class='ocrx_word' id='word_1_33' title='bbox 425 540 523 578; x_wconf 86' lang='lat' dir='ltr'>manus</span> <span class='ocrx_word' id='word_1_34' title='bbox 533 525 680 578; x_wconf 81' lang='lat' dir='ltr'>Suanorum</span> <span class='ocrx_word' id='word_1_35' title='bbox 693 540 756 576; x_wconf 87' lang='lat' dir='ltr'>curn</span> <span class='ocrx_word' id='word_1_36' title='bbox 765 523 901 576; x_wconf 82' lang='lat' dir='ltr'>veteribus</span> <span class='ocrx_word' id='word_1_37' title='bbox 913 523 997 593; x_wconf 88' lang='lat' dir='ltr'>copiis</span> 
     </span>
     <span class='ocr_line' id='line_1_6' title="bbox 70 593 997 664; baseline -0.002 -18"><span class='ocrx_word' id='word_1_38' title='bbox 70 594 195 648; x_wconf 89' lang='lat' dir='ltr'>Ariovisti</span> <span class='ocrx_word' id='word_1_39' title='bbox 208 611 269 648; x_wconf 90' lang='lat' dir='ltr'>sese</span> <span class='ocrx_word' id='word_1_40' title='bbox 279 594 469 664; x_wconf 85' lang='lat' dir='ltr'>conjunxisset,</span> <span class='ocrx_word' id='word_1_41' title='bbox 483 595 572 648; x_wconf 91' lang='lat' dir='ltr'>minus</span> <span class='ocrx_word' id='word_1_42' title='bbox 584 593 663 647; x_wconf 83' lang='lat' dir='ltr'>facile</span> <span class='ocrx_word' id='word_1_43' title='bbox 675 593 761 646; x_wconf 81' lang='lat' dir='ltr'>resisti</span> <span class='ocrx_word' id='word_1_44' title='bbox 773 600 871 662; x_wconf 92' lang='lat' dir='ltr'>posset.</span> <span class='ocrx_word' id='word_1_45' title='bbox 901 593 997 661; x_wconf 88' lang='lat' dir='ltr'>Itaque</span> 
     </span>
     <span class='ocr_line' id='line_1_7' title="bbox 70 663 999 735; baseline -0.001 -19"><span class='ocrx_word' id='word_1_46' title='bbox 70 679 99 716; x_wconf 91' lang='lat' dir='ltr'>re</span> <span class='ocrx_word' id='word_1_47' title='bbox 125 664 300 718; x_wconf 81' lang='lat' dir='ltr'>immentaria</span> <span class='ocrx_word' id='word_1_48' title='bbox 326 679 408 733; x_wconf 90' lang='lat' dir='ltr'>quarn</span> <span class='ocrx_word' id='word_1_49' title='bbox 433 663 574 717; x_wconf 86' lang='lat' dir='ltr'>celerrime</span> <span class='ocrx_word' id='word_1_50' title='bbox 603 663 688 735; x_wconf 90' lang='lat' dir='ltr'>potuit</span> <span class='ocrx_word' id='word_1_51' title='bbox 712 673 866 732; x_wconf 87' lang='lat' dir='ltr'>comparata</span> <span class='ocrx_word' id='word_1_52' title='bbox 891 663 999 731; x_wconf 78' lang='lat' dir='ltr'>magnis</span> 
     </span>
     <span class='ocr_line' id='line_1_8' title="bbox 70 732 595 787; baseline 0.002 -2"><span class='ocrx_word' id='word_1_53' title='bbox 70 732 218 787; x_wconf 82' lang='lat' dir='ltr'>itineribus¹</span> <span class='ocrx_word' id='word_1_54' title='bbox 228 732 263 787; x_wconf 91' lang='lat' dir='ltr'>ad</span> <span class='ocrx_word' id='word_1_55' title='bbox 276 732 439 785; x_wconf 82' lang='lat' dir='ltr'>Ariovistum</span> <span class='ocrx_word' id='word_1_56' title='bbox 451 733 595 786; x_wconf 85' lang='lat' dir='ltr'>contendit.</span> 
     </span>
    </p>

    <p class='ocr_par' dir='ltr' id='par_1_3' title="bbox 58 799 1000 1853">
     <span class='ocr_line' id='line_1_9' title="bbox 105 799 998 871; baseline 0 -18"><span class='ocrx_word' id='word_1_57' title='bbox 105 807 148 855; x_wconf 83' lang='lat'>38.</span> <span class='ocrx_word' id='word_1_58' title='bbox 167 804 235 856; x_wconf 88' lang='lat' dir='ltr'>Cum</span> <span class='ocrx_word' id='word_1_59' title='bbox 248 801 328 854; x_wconf 91' lang='lat' dir='ltr'>tridui</span> <span class='ocrx_word' id='word_1_60' title='bbox 339 801 411 853; x_wconf 87' lang='lat' dir='ltr'>viam</span> <span class='ocrx_word' id='word_1_61' title='bbox 427 803 609 871; x_wconf 80' lang='lat' dir='ltr'>processisset,</span> <span class='ocrx_word' id='word_1_62' title='bbox 623 800 776 854; x_wconf 85' lang='lat' dir='ltr'>nuntiatum</span> <span class='ocrx_word' id='word_1_63' title='bbox 788 808 828 852; x_wconf 86' lang='lat' dir='ltr'>est</span> <span class='ocrx_word' id='word_1_64' title='bbox 841 799 866 851; x_wconf 89' lang='lat' dir='ltr'>ei</span> <span class='ocrx_word' id='word_1_65' title='bbox 879 800 998 853; x_wconf 84' lang='lat' dir='ltr'>Ariovis-</span> 
     </span>
     <span class='ocr_line' id='line_1_10' title="bbox 71 869 1000 950; baseline -0.001 -26"><span class='ocrx_word' id='word_1_66' title='bbox 71 877 129 924; x_wconf 87' lang='lat' dir='ltr'>tum</span> <span class='ocrx_word' id='word_1_67' title='bbox 141 887 205 924; x_wconf 90' lang='lat' dir='ltr'>curn</span> <span class='ocrx_word' id='word_1_68' title='bbox 223 871 279 923; x_wconf 90' lang='lat' dir='ltr'>suis</span> <span class='ocrx_word' id='word_1_69' title='bbox 296 869 421 922; x_wconf 87' lang='lat' dir='ltr'>omnibus</span> <span class='ocrx_word' id='word_1_70' title='bbox 437 870 521 939; x_wconf 82' lang='lat' dir='ltr'>copiis</span> <span class='ocrx_word' id='word_1_71' title='bbox 538 871 572 923; x_wconf 88' lang='lat' dir='ltr'>ad</span> <span class='ocrx_word' id='word_1_72' title='bbox 588 870 775 939; x_wconf 84' lang='lat' dir='ltr'>occupandum</span> <span class='ocrx_word' id='word_1_73' title='bbox 787 869 1000 950; x_wconf 87' lang='lat' dir='ltr'>Vesontionem,¹</span> 
     </span>
     <span class='ocr_line' id='line_1_11' title="bbox 70 938 998 1010; baseline 0 -18"><span class='ocrx_word' id='word_1_74' title='bbox 70 939 142 1009; x_wconf 91' lang='lat' dir='ltr'>quod</span> <span class='ocrx_word' id='word_1_75' title='bbox 154 949 195 992; x_wconf 87' lang='lat' dir='ltr'>est</span> <span class='ocrx_word' id='word_1_76' title='bbox 207 939 335 1010; x_wconf 91' lang='lat' dir='ltr'>oppidum</span> <span class='ocrx_word' id='word_1_77' title='bbox 353 939 504 992; x_wconf 81' lang='lat' dir='ltr'>maximum</span> <span class='ocrx_word' id='word_1_78' title='bbox 522 940 713 1010; x_wconf 84' lang='lat' dir='ltr'>Sequanorum,</span> <span class='ocrx_word' id='word_1_79' title='bbox 727 939 887 992; x_wconf 89' lang='lat' dir='ltr'>contendeie</span> <span class='ocrx_word' id='word_1_80' title='bbox 906 938 998 992; x_wconf 90' lang='lat' dir='ltr'>tridur·</span> 
     </span>
     <span class='ocr_line' id='line_1_12' title="bbox 71 1007 997 1078; baseline -0.001 -17"><span class='ocrx_word' id='word_1_81' title='bbox 71 1010 210 1077; x_wconf 73' lang='lat' dir='ltr'>queniam</span> <span class='ocrx_word' id='word_1_82' title='bbox 229 1025 246 1060; x_wconf 85' lang='lat' dir='ltr'>a</span> <span class='ocrx_word' id='word_1_83' title='bbox 264 1009 319 1062; x_wconf 86' lang='lat' dir='ltr'>suis</span> <span class='ocrx_word' id='word_1_84' title='bbox 331 1007 439 1061; x_wconf 84' lang='lat' dir='ltr'>finibus³</span> <span class='ocrx_word' id='word_1_85' title='bbox 450 1009 605 1078; x_wconf 82' lang='lat' dir='ltr'>profecisse.</span> <span class='ocrx_word' id='word_1_86' title='bbox 641 1009 672 1062; x_wconf 95' lang='lat' dir='ltr'>Id</span> <span class='ocrx_word' id='word_1_87' title='bbox 690 1025 725 1061; x_wconf 91' lang='lat' dir='ltr'>ne</span> <span class='ocrx_word' id='word_1_88' title='bbox 743 1008 886 1077; x_wconf 89' lang='lat' dir='ltr'>accideret,</span> <span class='ocrx_word' id='word_1_89' title='bbox 899 1023 997 1076; x_wconf 84' lang='lat' dir='ltr'>magno</span> 
     </span>
     <span class='ocr_line' id='line_1_13' title="bbox 71 1077 998 1158; baseline 0.001 -28"><span class='ocrx_word' id='word_1_90' title='bbox 71 1094 151 1158; x_wconf 87' lang='lat' dir='ltr'>opere</span> <span class='ocrx_word' id='word_1_91' title='bbox 170 1078 220 1132; x_wconf 89' lang='lat' dir='ltr'>eibi</span> <span class='ocrx_word' id='word_1_92' title='bbox 238 1077 455 1147; x_wconf 86' lang='lat' dir='ltr'>praecavendum</span> <span class='ocrx_word' id='word_1_93' title='bbox 474 1079 571 1132; x_wconf 89' lang='lat' dir='ltr'>Caesar</span> <span class='ocrx_word' id='word_1_94' title='bbox 582 1078 760 1132; x_wconf 81' lang='lat' dir='ltr'>existimabat.</span> <span class='ocrx_word' id='word_1_95' title='bbox 795 1078 923 1146; x_wconf 85' lang='lat' dir='ltr'>Namque</span> <span class='ocrx_word' id='word_1_96' title='bbox 941 1094 998 1146; x_wconf 87' lang='lat' dir='ltr'>orn-</span> 
     </span>
     <span class='ocr_line' id='line_1_14' title="bbox 71 1146 998 1217; baseline 0 -17"><span class='ocrx_word' id='word_1_97' title='bbox 71 1163 147 1201; x_wconf 88' lang='lat' dir='ltr'>nrnm</span> <span class='ocrx_word' id='word_1_98' title='bbox 166 1165 263 1217; x_wconf 89' lang='lat' dir='ltr'>rerum,</span> <span class='ocrx_word' id='word_1_99' title='bbox 276 1164 347 1216; x_wconf 90' lang='lat' dir='ltr'>quae</span> <span class='ocrx_word' id='word_1_100' title='bbox 365 1147 400 1200; x_wconf 84' lang='lat' dir='ltr'>ad</span> <span class='ocrx_word' id='word_1_101' title='bbox 420 1146 523 1202; x_wconf 89' lang='lat' dir='ltr'>bellum</span> <span class='ocrx_word' id='word_1_102' title='bbox 542 1148 603 1201; x_wconf 87' lang='lat' dir='ltr'>usui</span> <span class='ocrx_word' id='word_1_103' title='bbox 622 1157 704 1217; x_wconf 91' lang='lat' dir='ltr'>erant,</span> <span class='ocrx_word' id='word_1_104' title='bbox 718 1164 825 1200; x_wconf 86' lang='lat' dir='ltr'>summa</span> <span class='ocrx_word' id='word_1_105' title='bbox 843 1154 900 1198; x_wconf 86' lang='lat' dir='ltr'>erat</span> <span class='ocrx_word' id='word_1_106' title='bbox 918 1148 944 1199; x_wconf 94' lang='lat' dir='ltr'>in</span> <span class='ocrx_word' id='word_1_107' title='bbox 965 1163 998 1200; x_wconf 88' lang='lat' dir='ltr'>eo</span> 
     </span>
     <span class='ocr_line' id='line_1_15' title="bbox 71 1216 998 1287; baseline 0.001 -18"><span class='ocrx_word' id='word_1_108' title='bbox 71 1233 87 1269; x_wconf 97' lang='lat' dir='ltr'>o</span> <span class='ocrx_word' id='word_1_109' title='bbox 106 1217 167 1287; x_wconf 92' lang='lat' dir='ltr'>pido</span> <span class='ocrx_word' id='word_1_110' title='bbox 180 1217 302 1286; x_wconf 75' lang='lat' dir='ltr'>facultas,</span> <span class='ocrx_word' id='word_1_111' title='bbox 316 1217 397 1285; x_wconf 89' lang='lat' dir='ltr'>idque</span> <span class='ocrx_word' id='word_1_112' title='bbox 415 1224 510 1271; x_wconf 86' lang='lat' dir='ltr'>natura</span> <span class='ocrx_word' id='word_1_113' title='bbox 521 1217 572 1269; x_wconf 89' lang='lat' dir='ltr'>loci</span> <span class='ocrx_word' id='word_1_114' title='bbox 585 1217 625 1271; x_wconf 91' lang='lat' dir='ltr'>sic</span> <span class='ocrx_word' id='word_1_115' title='bbox 636 1216 815 1286; x_wconf 82' lang='lat' dir='ltr'>muniebatur,</span> <span class='ocrx_word' id='word_1_116' title='bbox 828 1225 857 1269; x_wconf 92' lang='lat' dir='ltr'>ut</span> <span class='ocrx_word' id='word_1_117' title='bbox 869 1233 998 1284; x_wconf 79' lang='lat' dir='ltr'>magnam</span> 
     </span>
     <span class='ocr_line' id='line_1_16' title="bbox 71 1234 998 1357; baseline 0.002 -19"><span class='ocrx_word' id='word_1_118' title='bbox 71 1234 106 1339; x_wconf 57' lang='lat' dir='ltr'>ab</span> <span class='ocrx_word' id='word_1_119' title='bbox 118 1287 274 1340; x_wconf 90' lang='lat' dir='ltr'>ducendum</span> <span class='ocrx_word' id='word_1_120' title='bbox 285 1285 389 1339; x_wconf 89' lang='lat' dir='ltr'>bellurn</span> <span class='ocrx_word' id='word_1_121' title='bbox 400 1285 478 1339; x_wconf 85' lang='lat' dir='ltr'>daret</span> <span class='ocrx_word' id='word_1_122' title='bbox 487 1286 650 1356; x_wconf 83' lang='lat' dir='ltr'>facultatem,</span> <span class='ocrx_word' id='word_1_123' title='bbox 659 1295 799 1357; x_wconf 89' lang='lat' dir='ltr'>propterea</span> <span class='ocrx_word' id='word_1_124' title='bbox 811 1285 882 1354; x_wconf 92' lang='lat' dir='ltr'>quod</span> <span class='ocrx_word' id='word_1_125' title='bbox 894 1285 998 1340; x_wconf 87' lang='lat' dir='ltr'>flumen</span> 
     </span>
     <span class='ocr_line' id='line_1_17' title="bbox 72 1355 996 1427; baseline 0.002 -19"><span class='ocrx_word' id='word_1_126' title='bbox 72 1355 159 1409; x_wconf 91' lang='lat' dir='ltr'>Dubis</span> <span class='ocrx_word' id='word_1_127' title='bbox 170 1367 201 1410; x_wconf 92' lang='lat' dir='ltr'>ut</span> <span class='ocrx_word' id='word_1_128' title='bbox 212 1355 311 1411; x_wconf 89' lang='lat' dir='ltr'>circino</span> <span class='ocrx_word' id='word_1_129' title='bbox 322 1355 538 1409; x_wconf 90' lang='lat' dir='ltr'>circumductum</span> <span class='ocrx_word' id='word_1_130' title='bbox 555 1373 641 1427; x_wconf 90' lang='lat' dir='ltr'>paene</span> <span class='ocrx_word' id='word_1_131' title='bbox 655 1365 739 1409; x_wconf 88' lang='lat' dir='ltr'>toturn</span> <span class='ocrx_word' id='word_1_132' title='bbox 757 1356 886 1426; x_wconf 90' lang='lat' dir='ltr'>oppidum</span> <span class='ocrx_word' id='word_1_133' title='bbox 898 1356 996 1424; x_wconf 83' lang='lat' dir='ltr'>cingit:</span> 
     </span>
     <span class='ocr_line' id='line_1_18' title="bbox 58 1425 997 1506; baseline 0.001 -29"><span class='ocrx_word' id='word_1_134' title='bbox 58 1425 206 1495; x_wconf 47' lang='lat' dir='ltr'>,reliquum</span> <span class='ocrx_word' id='word_1_135' title='bbox 218 1425 344 1496; x_wconf 85' lang='lat' dir='ltr'>spatium,</span> <span class='ocrx_word' id='word_1_136' title='bbox 357 1425 428 1506; x_wconf 90' lang='lat' dir='ltr'>quod</span> <span class='ocrx_word' id='word_1_137' title='bbox 440 1434 482 1479; x_wconf 86' lang='lat' dir='ltr'>eet</span> <span class='ocrx_word' id='word_1_138' title='bbox 493 1442 546 1479; x_wconf 93' lang='lat' dir='ltr'>non</span> <span class='ocrx_word' id='word_1_139' title='bbox 557 1425 675 1496; x_wconf 89' lang='lat' dir='ltr'>amplius</span> <span class='ocrx_word' id='word_1_140' title='bbox 686 1425 787 1496; x_wconf 90' lang='lat' dir='ltr'>pedum</span> <span class='ocrx_word' id='word_1_141' title='bbox 799 1433 997 1496; x_wconf 83' lang='lat' dir='ltr'>sexcentorum,</span> 
     </span>
     <span class='ocr_line' id='line_1_19' title="bbox 72 1493 997 1567; baseline -0.001 -18"><span class='ocrx_word' id='word_1_142' title='bbox 72 1511 125 1564; x_wconf 87' lang='lat' dir='ltr'>qua</span> <span class='ocrx_word' id='word_1_143' title='bbox 143 1496 246 1549; x_wconf 88' lang='lat' dir='ltr'>flumen</span> <span class='ocrx_word' id='word_1_144' title='bbox 269 1495 427 1567; x_wconf 88' lang='lat' dir='ltr'>intermrttit,</span> <span class='ocrx_word' id='word_1_145' title='bbox 445 1510 523 1549; x_wconf 88' lang='lat' dir='ltr'>mone</span> <span class='ocrx_word' id='word_1_146' title='bbox 540 1497 658 1549; x_wconf 88' lang='lat' dir='ltr'>continet</span> <span class='ocrx_word' id='word_1_147' title='bbox 676 1511 775 1563; x_wconf 84' lang='lat' dir='ltr'>magna</span> <span class='ocrx_word' id='word_1_148' title='bbox 792 1493 934 1547; x_wconf 82' lang='lat' dir='ltr'>altitudine</span> <span class='ocrx_word' id='word_1_149' title='bbox 951 1496 997 1564; x_wconf 86' lang='lat' dir='ltr'>ita,</span> 
     </span>
     <span class='ocr_line' id='line_1_20' title="bbox 71 1563 998 1635; baseline 0.002 -19"><span class='ocrx_word' id='word_1_150' title='bbox 71 1573 102 1616; x_wconf 92' lang='lat' dir='ltr'>ut</span> <span class='ocrx_word' id='word_1_151' title='bbox 114 1565 219 1619; x_wconf 88' lang='lat' dir='ltr'>radices</span> <span class='ocrx_word' id='word_1_152' title='bbox 231 1565 329 1619; x_wconf 87' lang='lat' dir='ltr'>montis</span> <span class='ocrx_word' id='word_1_153' title='bbox 341 1581 376 1617; x_wconf 84' lang='lat' dir='ltr'>ex</span> <span class='ocrx_word' id='word_1_154' title='bbox 389 1575 501 1634; x_wconf 86' lang='lat' dir='ltr'>utraque</span> <span class='ocrx_word' id='word_1_155' title='bbox 519 1573 594 1635; x_wconf 88' lang='lat' dir='ltr'>parte</span> <span class='ocrx_word' id='word_1_156' title='bbox 605 1566 679 1634; x_wconf 91' lang='lat' dir='ltr'>ripae</span> <span class='ocrx_word' id='word_1_157' title='bbox 697 1563 816 1617; x_wconf 86' lang='lat' dir='ltr'>fluminis</span> <span class='ocrx_word' id='word_1_158' title='bbox 833 1563 998 1632; x_wconf 88' lang='lat' dir='ltr'>contingant.</span> 
     </span>
     <span class='ocr_line' id='line_1_21' title="bbox 71 1632 998 1703; baseline 0.001 -17"><span class='ocrx_word' id='word_1_159' title='bbox 71 1633 151 1687; x_wconf 87' lang='lat' dir='ltr'>Hunc</span> <span class='ocrx_word' id='word_1_160' title='bbox 168 1651 263 1688; x_wconf 88' lang='lat' dir='ltr'>murus</span> <span class='ocrx_word' id='word_1_161' title='bbox 279 1634 462 1687; x_wconf 84' lang='lat' dir='ltr'>circumdatus</span> <span class='ocrx_word' id='word_1_162' title='bbox 484 1651 576 1688; x_wconf 89' lang='lat' dir='ltr'>arcem</span> <span class='ocrx_word' id='word_1_163' title='bbox 595 1635 677 1688; x_wconf 89' lang='lat' dir='ltr'>eflicit</span> <span class='ocrx_word' id='word_1_164' title='bbox 695 1642 802 1687; x_wconf 90' lang='lat' dir='ltr'>etcum</span> <span class='ocrx_word' id='word_1_165' title='bbox 821 1632 917 1703; x_wconf 92' lang='lat' dir='ltr'>oppido</span> <span class='ocrx_word' id='word_1_166' title='bbox 936 1650 998 1687; x_wconf 90' lang='lat' dir='ltr'>oon·</span> 
     </span>
     <span class='ocr_line' id='line_1_22' title="bbox 70 1700 1000 1773; baseline 0.001 -18"><span class='ocrx_word' id='word_1_167' title='bbox 70 1700 165 1773; x_wconf 86' lang='lat' dir='ltr'>jungit.</span> <span class='ocrx_word' id='word_1_168' title='bbox 202 1705 262 1757; x_wconf 86' lang='lat' dir='ltr'>Huc</span> <span class='ocrx_word' id='word_1_169' title='bbox 282 1704 380 1757; x_wconf 86' lang='lat' dir='ltr'>Caesar</span> <span class='ocrx_word' id='word_1_170' title='bbox 399 1703 504 1772; x_wconf 84' lang='lat' dir='ltr'>magnis</span> <span class='ocrx_word' id='word_1_171' title='bbox 527 1704 661 1757; x_wconf 89' lang='lat' dir='ltr'>nocturnis</span> <span class='ocrx_word' id='word_1_172' title='bbox 680 1704 835 1772; x_wconf 87' lang='lat' dir='ltr'>diurnisque</span> <span class='ocrx_word' id='word_1_173' title='bbox 858 1703 1000 1757; x_wconf 88' lang='lat' dir='ltr'>itineribus</span> 
     </span>
     <span class='ocr_line' id='line_1_23' title="bbox 72 1772 872 1853; baseline -0.003 -28"><span class='ocrx_word' id='word_1_174' title='bbox 72 1773 209 1826; x_wconf 89' lang='lat' dir='ltr'>contendit</span> <span class='ocrx_word' id='word_1_175' title='bbox 220 1782 404 1842; x_wconf 85' lang='lat' dir='ltr'>occupatoque</span> <span class='ocrx_word' id='word_1_176' title='bbox 417 1790 452 1843; x_wconf 95' lang='lat' dir='ltr'>op</span> <span class='ocrx_word' id='word_1_177' title='bbox 472 1772 515 1825; x_wconf 93' lang='lat' dir='ltr'>ido</span> <span class='ocrx_word' id='word_1_178' title='bbox 527 1773 564 1826; x_wconf 92' lang='lat' dir='ltr'>ibi</span> <span class='ocrx_word' id='word_1_179' title='bbox 576 1773 739 1853; x_wconf 83' lang='lat' dir='ltr'>praesidium</span> <span class='ocrx_word' id='word_1_180' title='bbox 751 1773 872 1825; x_wconf 90' lang='lat' dir='ltr'>collocat.</span> 
     </span>
    </p>

    <p class='ocr_par' dir='ltr' id='par_1_4' title="bbox 71 1790 1000 2536">
     <span class='ocr_line' id='line_1_24' title="bbox 107 1790 999 1913; baseline 0.003 -21"><span class='ocrx_word' id='word_1_181' title='bbox 107 1846 149 1893; x_wconf 87' lang='grc'>39.</span> <span class='ocrx_word' id='word_1_182' title='bbox 162 1843 234 1895; x_wconf 90' lang='lat' dir='ltr'>Dum</span> <span class='ocrx_word' id='word_1_183' title='bbox 247 1859 347 1912; x_wconf 85' lang='lat' dir='ltr'>paucos</span> <span class='ocrx_word' id='word_1_184' title='bbox 359 1842 418 1895; x_wconf 81' lang='lat' dir='ltr'>dies</span> <span class='ocrx_word' id='word_1_185' title='bbox 429 1790 662 1895; x_wconf 73' lang='lat' dir='ltr'>adeesontronem</span> <span class='ocrx_word' id='word_1_186' title='bbox 673 1842 711 1894; x_wconf 88' lang='lat' dir='ltr'>rei</span> <span class='ocrx_word' id='word_1_187' title='bbox 722 1840 913 1913; x_wconf 72' lang='lat' dir='ltr'>fmmentarjae</span> <span class='ocrx_word' id='word_1_188' title='bbox 925 1857 999 1895; x_wconf 87' lang='lat' dir='ltr'>com·</span> 
     </span>
     <span class='ocr_line' id='line_1_25' title="bbox 72 1911 998 1981; baseline 0.001 -18"><span class='ocrx_word' id='word_1_189' title='bbox 72 1919 233 1979; x_wconf 86' lang='lat' dir='ltr'>meatusque</span> <span class='ocrx_word' id='word_1_190' title='bbox 252 1927 335 1963; x_wconf 87' lang='lat' dir='ltr'>causa</span> <span class='ocrx_word' id='word_1_191' title='bbox 352 1919 477 1981; x_wconf 89' lang='lat' dir='ltr'>moratur,</span> <span class='ocrx_word' id='word_1_192' title='bbox 498 1925 532 1962; x_wconf 83' lang='lat' dir='ltr'>ex</span> <span class='ocrx_word' id='word_1_193' title='bbox 550 1911 747 1980; x_wconf 88' lang='lat' dir='ltr'>percontatione</span> <span class='ocrx_word' id='word_1_194' title='bbox 765 1919 914 1964; x_wconf 89' lang='lat' dir='ltr'>nostrorum</span> <span class='ocrx_word' id='word_1_195' title='bbox 927 1911 998 1978; x_wconf 85' lang='lat' dir='ltr'>voci-</span> 
     </span>
     <span class='ocr_line' id='line_1_26' title="bbox 71 1967 999 2049; baseline 0.002 -17"><span class='ocrx_word' id='word_1_196' title='bbox 71 1978 178 2048; x_wconf 91' lang='lat' dir='ltr'>busque</span> <span class='ocrx_word' id='word_1_197' title='bbox 198 1978 336 2032; x_wconf 86' lang='lat' dir='ltr'>Gallorum</span> <span class='ocrx_word' id='word_1_198' title='bbox 359 1995 392 2032; x_wconf 86' lang='lat' dir='ltr'>ac</span> <span class='ocrx_word' id='word_1_199' title='bbox 415 1988 601 2049; x_wconf 83' lang='lat' dir='ltr'>mercatorum,</span> <span class='ocrx_word' id='word_1_200' title='bbox 622 1980 669 2048; x_wconf 94' lang='lat' dir='ltr'>qui</span> <span class='ocrx_word' id='word_1_201' title='bbox 688 1967 801 2048; x_wconf 80' lang='lat' dir='ltr'>ingenti&#39;</span> <span class='ocrx_word' id='word_1_202' title='bbox 812 1979 999 2048; x_wconf 84' lang='lat' dir='ltr'>magnitudine</span> 
     </span>
     <span class='ocr_line' id='line_1_27' title="bbox 72 2047 1000 2117; baseline 0.003 -17"><span class='ocrx_word' id='word_1_203' title='bbox 72 2064 211 2117; x_wconf 87' lang='lat' dir='ltr'>corporum</span> <span class='ocrx_word' id='word_1_204' title='bbox 224 2049 380 2117; x_wconf 88' lang='lat' dir='ltr'>Germanos,</span> <span class='ocrx_word' id='word_1_205' title='bbox 394 2047 543 2108; x_wconf 88' lang='lat' dir='ltr'>incredibili</span> <span class='ocrx_word' id='word_1_206' title='bbox 555 2049 652 2102; x_wconf 86' lang='lat' dir='ltr'>virtute</span> <span class='ocrx_word' id='word_1_207' title='bbox 670 2057 750 2117; x_wconf 89' lang='lat' dir='ltr'>atque</span> <span class='ocrx_word' id='word_1_208' title='bbox 769 2048 959 2102; x_wconf 80' lang='lat' dir='ltr'>exercitatione</span> <span class='ocrx_word' id='word_1_209' title='bbox 971 2050 1000 2104; x_wconf 91' lang='lat' dir='ltr'>in</span> 
     </span>
     <span class='ocr_line' id='line_1_28' title="bbox 71 2117 1000 2187; baseline 0.003 -18"><span class='ocrx_word' id='word_1_210' title='bbox 71 2118 154 2172; x_wconf 83' lang='lat' dir='ltr'>armis</span> <span class='ocrx_word' id='word_1_211' title='bbox 162 2134 223 2171; x_wconf 84' lang='lat' dir='ltr'>esse</span> <span class='ocrx_word' id='word_1_212' title='bbox 231 2117 429 2187; x_wconf 84' lang='lat' dir='ltr'>praedicabant,</span> <span class='ocrx_word' id='word_1_213' title='bbox 440 2133 633 2186; x_wconf 87' lang='lat' dir='ltr'>saepenumero</span> <span class='ocrx_word' id='word_1_214' title='bbox 642 2135 702 2171; x_wconf 87' lang='lat' dir='ltr'>sese</span> <span class='ocrx_word' id='word_1_215' title='bbox 711 2136 774 2171; x_wconf 88' lang='lat' dir='ltr'>curn</span> <span class='ocrx_word' id='word_1_216' title='bbox 784 2118 825 2172; x_wconf 94' lang='lat' dir='ltr'>his</span> <span class='ocrx_word' id='word_1_217' title='bbox 834 2121 1000 2186; x_wconf 76' lang='lat' dir='ltr'>congressos⁴</span> 
     </span>
     <span class='ocr_line' id='line_1_29' title="bbox 72 2186 999 2258; baseline 0.002 -18"><span class='ocrx_word' id='word_1_218' title='bbox 72 2203 107 2240; x_wconf 90' lang='lat' dir='ltr'>ue</span> <span class='ocrx_word' id='word_1_219' title='bbox 116 2187 221 2241; x_wconf 90' lang='lat' dir='ltr'>vultum</span> <span class='ocrx_word' id='word_1_220' title='bbox 229 2186 341 2255; x_wconf 88' lang='lat' dir='ltr'>quidem</span> <span class='ocrx_word' id='word_1_221' title='bbox 352 2194 433 2256; x_wconf 87' lang='lat' dir='ltr'>atque</span> <span class='ocrx_word' id='word_1_222' title='bbox 445 2186 534 2240; x_wconf 87' lang='lat' dir='ltr'>aciem</span> <span class='ocrx_word' id='word_1_223' title='bbox 542 2188 679 2242; x_wconf 87' lang='lat' dir='ltr'>oculorum</span> <span class='ocrx_word' id='word_1_224' title='bbox 691 2188 760 2240; x_wconf 82' lang='lat' dir='ltr'>ferre</span> <span class='ocrx_word' id='word_1_225' title='bbox 772 2188 899 2258; x_wconf 86' lang='lat' dir='ltr'>potuisse,</span> <span class='ocrx_word' id='word_1_226' title='bbox 909 2196 999 2242; x_wconf 78' lang='lat' dir='ltr'>tantus</span> 
     </span>
     <span class='ocr_line' id='line_1_30' title="bbox 72 2256 1000 2327; baseline 0 -16"><span class='ocrx_word' id='word_1_227' title='bbox 72 2256 161 2311; x_wconf 85' lang='lat' dir='ltr'>subito</span> <span class='ocrx_word' id='word_1_228' title='bbox 173 2257 251 2310; x_wconf 90' lang='lat' dir='ltr'>timor</span> <span class='ocrx_word' id='word_1_229' title='bbox 263 2273 371 2310; x_wconf 90' lang='lat' dir='ltr'>ornnem</span> <span class='ocrx_word' id='word_1_230' title='bbox 390 2257 539 2310; x_wconf 87' lang='lat' dir='ltr'>exercitum</span> <span class='ocrx_word' id='word_1_231' title='bbox 557 2258 706 2327; x_wconf 86' lang='lat' dir='ltr'>occupavit,</span> <span class='ocrx_word' id='word_1_232' title='bbox 720 2267 812 2311; x_wconf 95' lang='lat' dir='ltr'>utnon</span> <span class='ocrx_word' id='word_1_233' title='bbox 828 2257 1000 2312; x_wconf 91' lang='lat' dir='ltr'>mediocriter</span> 
     </span>
     <span class='ocr_line' id='line_1_31' title="bbox 72 2326 1000 2397; baseline 0.002 -18"><span class='ocrx_word' id='word_1_234' title='bbox 72 2328 194 2381; x_wconf 88' lang='lat' dir='ltr'>omnium</span> <span class='ocrx_word' id='word_1_235' title='bbox 210 2335 319 2382; x_wconf 88' lang='lat' dir='ltr'>mentes</span> <span class='ocrx_word' id='word_1_236' title='bbox 334 2326 494 2395; x_wconf 79' lang='lat' dir='ltr'>animosque</span> <span class='ocrx_word' id='word_1_237' title='bbox 511 2327 686 2396; x_wconf 88' lang='lat' dir='ltr'>perturbaret.</span> <span class='ocrx_word' id='word_1_238' title='bbox 722 2328 773 2381; x_wconf 93' lang='lat' dir='ltr'>Hic</span> <span class='ocrx_word' id='word_1_239' title='bbox 790 2327 909 2397; x_wconf 88' lang='lat' dir='ltr'>primum</span> <span class='ocrx_word' id='word_1_240' title='bbox 926 2335 1000 2381; x_wconf 87' lang='lat' dir='ltr'>ortus</span> 
     </span>
     <span class='ocr_line' id='line_1_32' title="bbox 72 2395 1000 2466; baseline 0.002 -18"><span class='ocrx_word' id='word_1_241' title='bbox 72 2403 115 2449; x_wconf 86' lang='lat' dir='ltr'>est</span> <span class='ocrx_word' id='word_1_242' title='bbox 133 2412 151 2448; x_wconf 84' lang='lat' dir='ltr'>a</span> <span class='ocrx_word' id='word_1_243' title='bbox 171 2396 285 2449; x_wconf 86' lang='lat' dir='ltr'>tribunis</span> <span class='ocrx_word' id='word_1_244' title='bbox 303 2395 429 2466; x_wconf 89' lang='lat' dir='ltr'>militum,</span> <span class='ocrx_word' id='word_1_245' title='bbox 451 2396 594 2466; x_wconf 86' lang='lat' dir='ltr'>praelectis</span> <span class='ocrx_word' id='word_1_246' title='bbox 617 2396 789 2466; x_wconf 88' lang='lat' dir='ltr'>reliquisque,</span> <span class='ocrx_word' id='word_1_247' title='bbox 810 2397 857 2466; x_wconf 92' lang='lat' dir='ltr'>qui</span> <span class='ocrx_word' id='word_1_248' title='bbox 877 2413 913 2450; x_wconf 85' lang='lat' dir='ltr'>ex</span> <span class='ocrx_word' id='word_1_249' title='bbox 931 2396 1000 2450; x_wconf 86' lang='lat' dir='ltr'>urbe</span> 
     </span>
     <span class='ocr_line' id='line_1_33' title="bbox 71 2465 1000 2536; baseline 0.002 -18"><span class='ocrx_word' id='word_1_250' title='bbox 71 2465 208 2519; x_wconf 88' lang='lat' dir='ltr'>amicitiae</span> <span class='ocrx_word' id='word_1_251' title='bbox 220 2481 303 2519; x_wconf 84' lang='lat' dir='ltr'>causa</span> <span class='ocrx_word' id='word_1_252' title='bbox 314 2466 458 2520; x_wconf 84' lang='lat' dir='ltr'>Caesarem</span> <span class='ocrx_word' id='word_1_253' title='bbox 470 2467 555 2521; x_wconf 86' lang='lat' dir='ltr'>secuti</span> <span class='ocrx_word' id='word_1_254' title='bbox 573 2483 626 2520; x_wconf 94' lang='lat' dir='ltr'>non</span> <span class='ocrx_word' id='word_1_255' title='bbox 643 2483 773 2536; x_wconf 83' lang='lat' dir='ltr'>magnum</span> <span class='ocrx_word' id='word_1_256' title='bbox 794 2467 821 2519; x_wconf 91' lang='lat' dir='ltr'>in</span> <span class='ocrx_word' id='word_1_257' title='bbox 842 2483 869 2519; x_wconf 90' lang='lat' dir='ltr'>re</span> <span class='ocrx_word' id='word_1_258' title='bbox 889 2465 1000 2520; x_wconf 87' lang='lat' dir='ltr'>militari</span> 
     </span>
    </p>
   </div>
   <div class='ocr_carea' id='block_1_3' title="bbox 74 2643 1000 2707">
    <p class='ocr_par' dir='ltr' id='par_1_5' title="bbox 74 2643 1000 2707">
     <span class='ocr_line' id='line_1_34' title="bbox 74 2643 1000 2707; baseline 0.004 -11"><span class='ocrx_word' id='word_1_259' title='bbox 74 2647 158 2705; x_wconf 83' lang='lat' dir='ltr'>Suevi,</span> <span class='ocrx_word' id='word_1_260' title='bbox 171 2665 187 2697; x_wconf 84' lang='lat' dir='ltr'>a</span> <span class='ocrx_word' id='word_1_261' title='bbox 198 2643 306 2698; x_wconf 84' lang='lat' dir='ltr'>German</span> <span class='ocrx_word' id='word_1_262' title='bbox 322 2650 394 2707; x_wconf 83' lang='lat' dir='ltr'>tribe,</span> <span class='ocrx_word' id='word_1_263' title='bbox 407 2665 447 2699; x_wconf 86' lang='lat' dir='ltr'>are</span> <span class='ocrx_word' id='word_1_264' title='bbox 463 2649 516 2699; x_wconf 84' lang='lat' dir='ltr'>said</span> <span class='ocrx_word' id='word_1_265' title='bbox 532 2660 558 2700; x_wconf 93' lang='lat' dir='ltr'>to</span> <span class='ocrx_word' id='word_1_266' title='bbox 573 2650 635 2700; x_wconf 82' lang='lat' dir='ltr'>have</span> <span class='ocrx_word' id='word_1_267' title='bbox 653 2650 776 2699; x_wconf 86' lang='lat' dir='ltr'>consisted</span> <span class='ocrx_word' id='word_1_268' title='bbox 786 2649 815 2698; x_wconf 91' lang='lat' dir='ltr'>of</span> <span class='ocrx_word' id='word_1_269' title='bbox 826 2665 872 2699; x_wconf 90' lang='lat' dir='ltr'>one</span> <span class='ocrx_word' id='word_1_270' title='bbox 888 2649 1000 2700; x_wconf 82' lang='lat' dir='ltr'>hundred</span> 
     </span>
    </p>
   </div>
   <div class='ocr_carea' id='block_1_4' title="bbox 73 2706 1000 2814">
    <p class='ocr_par' dir='ltr' id='par_1_6' title="bbox 73 2706 1000 2814">
     <span class='ocr_line' id='line_1_35' title="bbox 73 2706 1000 2814; baseline 0.008 -62"><span class='ocrx_word' id='word_1_271' title='bbox 73 2707 205 2814; x_wconf 54' lang='lat' dir='ltr'>pagpptbut</span> <span class='ocrx_word' id='word_1_272' title='bbox 216 2706 274 2756; x_wconf 90' lang='lat' dir='ltr'>here</span> <span class='ocrx_word' id='word_1_273' title='bbox 285 2707 344 2769; x_wconf 82' lang='lat' dir='ltr'>only</span> <span class='ocrx_word' id='word_1_274' title='bbox 354 2709 396 2758; x_wconf 87' lang='lat' dir='ltr'>the</span> <span class='ocrx_word' id='word_1_275' title='bbox 407 2708 510 2758; x_wconf 87' lang='lat' dir='ltr'>soldiers</span> <span class='ocrx_word' id='word_1_276' title='bbox 521 2709 550 2759; x_wconf 82' lang='lat' dir='ltr'>os</span> <span class='ocrx_word' id='word_1_277' title='bbox 561 2710 632 2758; x_wconf 88' lang='lat' dir='ltr'>those</span> <span class='ocrx_word' id='word_1_278' title='bbox 647 2726 693 2758; x_wconf 90' lang='lat' dir='ltr'>one</span> <span class='ocrx_word' id='word_1_279' title='bbox 709 2708 819 2758; x_wconf 89' lang='lat' dir='ltr'>hundred</span> <span class='ocrx_word' id='word_1_280' title='bbox 834 2709 891 2770; x_wconf 84' lang='lat' dir='ltr'>pagi</span> <span class='ocrx_word' id='word_1_281' title='bbox 906 2725 952 2758; x_wconf 87' lang='lat' dir='ltr'>oan</span> <span class='ocrx_word' id='word_1_282' title='bbox 967 2712 1000 2759; x_wconf 88' lang='lat' dir='ltr'>be</span> 
     </span>
    </p>
   </div>
   <div class='ocr_carea' id='block_1_5' title="bbox 103 2836 968 2902">
    <p class='ocr_par' dir='ltr' id='par_1_7' title="bbox 103 2836 968 2902">
     <span class='ocr_line' id='line_1_36' title="bbox 103 2836 968 2902; baseline 0.007 -19"><span class='ocrx_word' id='word_1_283' title='bbox 103 2839 111 2867; x_wconf 92' lang='lat'>¹</span> <span class='ocrx_word' id='word_1_284' title='bbox 120 2837 163 2884; x_wconf 92' lang='lat' dir='ltr'>An</span> <span class='ocrx_word' id='word_1_285' title='bbox 174 2836 286 2898; x_wconf 86' lang='lat' dir='ltr'>ordinary</span> <span class='ocrx_word' id='word_1_286' title='bbox 297 2838 368 2900; x_wconf 88' lang='lat' dir='ltr'>day’s</span> <span class='ocrx_word' id='word_1_287' title='bbox 379 2840 463 2889; x_wconf 85' lang='lat' dir='ltr'>merch</span> <span class='ocrx_word' id='word_1_288' title='bbox 473 2840 510 2890; x_wconf 86' lang='lat' dir='ltr'>sor</span> <span class='ocrx_word' id='word_1_289' title='bbox 520 2840 623 2890; x_wconf 86' lang='lat' dir='ltr'>soldiers</span> <span class='ocrx_word' id='word_1_290' title='bbox 634 2857 685 2890; x_wconf 85' lang='lat' dir='ltr'>was</span> <span class='ocrx_word' id='word_1_291' title='bbox 701 2841 768 2902; x_wconf 82' lang='lat' dir='ltr'>eight</span> <span class='ocrx_word' id='word_1_292' title='bbox 780 2841 878 2889; x_wconf 87' lang='lat' dir='ltr'>Roman</span> <span class='ocrx_word' id='word_1_293' title='bbox 888 2841 968 2891; x_wconf 89' lang='lat' dir='ltr'>miles.</span> 
     </span>
    </p>
   </div>
   <div class='ocr_carea' id='block_1_6' title="bbox 73 2920 1000 3032">
    <p class='ocr_par' dir='ltr' id='par_1_8' title="bbox 73 2920 1000 3032">
     <span class='ocr_line' id='line_1_37' title="bbox 102 2920 1000 2988; baseline 0.009 -20"><span class='ocrx_word' id='word_1_294' title='bbox 102 2921 247 2978; x_wconf 59' lang='lat' dir='ltr'>’Vesontrh</span> <span class='ocrx_word' id='word_1_295' title='bbox 265 2921 307 2971; x_wconf 90' lang='lat' dir='ltr'>the</span> <span class='ocrx_word' id='word_1_296' title='bbox 322 2924 425 2974; x_wconf 88' lang='lat' dir='ltr'>modern</span> <span class='ocrx_word' id='word_1_297' title='bbox 442 2925 578 2988; x_wconf 74' lang='lat' dir='ltr'>Besanccn,</span> <span class='ocrx_word' id='word_1_298' title='bbox 597 2943 629 2975; x_wconf 93' lang='lat' dir='ltr'>on</span> <span class='ocrx_word' id='word_1_299' title='bbox 641 2920 687 2975; x_wconf 67' lang='lat' dir='ltr'>‘the</span> <span class='ocrx_word' id='word_1_300' title='bbox 705 2926 769 2975; x_wconf 86' lang='lat' dir='ltr'>river</span> <span class='ocrx_word' id='word_1_301' title='bbox 779 2925 866 2984; x_wconf 89' lang='lat' dir='ltr'>Dubis,</span> <span class='ocrx_word' id='word_1_302' title='bbox 879 2927 962 2976; x_wconf 88' lang='lat' dir='ltr'>which</span> <span class='ocrx_word' id='word_1_303' title='bbox 977 2927 1000 2976; x_wconf 86' lang='lat' dir='ltr'>is</span> 
     </span>
     <span class='ocr_line' id='line_1_38' title="bbox 73 2981 705 3032; baseline 0.002 -1"><span class='ocrx_word' id='word_1_304' title='bbox 73 2995 131 3031; x_wconf 81' lang='lat' dir='ltr'>now</span> <span class='ocrx_word' id='word_1_305' title='bbox 141 2981 220 3031; x_wconf 84' lang='lat' dir='ltr'>called</span> <span class='ocrx_word' id='word_1_306' title='bbox 230 2981 320 3032; x_wconf 79' lang='lat' dir='ltr'>Doubo.</span> <span class='ocrx_word' id='word_1_307' title='bbox 700 2987 705 2995; x_wconf 87' lang='lat'><em>&#39;</em></span> 
     </span>
    </p>
   </div>
   <div class='ocr_carea' id='block_1_7' title="bbox 74 3065 1001 3190">
    <p class='ocr_par' dir='ltr' id='par_1_9' title="bbox 74 3065 1001 3190">
     <span class='ocr_line' id='line_1_39' title="bbox 104 3065 1001 3140; baseline 0.008 -23"><span class='ocrx_word' id='word_1_308' title='bbox 104 3065 189 3139; x_wconf 78' lang='lat' dir='ltr'>&#39;That</span> <span class='ocrx_word' id='word_1_309' title='bbox 200 3069 230 3127; x_wconf 86' lang='lat' dir='ltr'>is,</span> <span class='ocrx_word' id='word_1_310' title='bbox 243 3069 305 3139; x_wconf 83' lang='lat' dir='ltr'>from</span> <span class='ocrx_word' id='word_1_311' title='bbox 315 3068 369 3140; x_wconf 85' lang='lat' dir='ltr'>that</span> <span class='ocrx_word' id='word_1_312' title='bbox 379 3079 433 3132; x_wconf 86' lang='lat' dir='ltr'>part</span> <span class='ocrx_word' id='word_1_313' title='bbox 444 3071 473 3121; x_wconf 82' lang='lat' dir='ltr'>of</span> <span class='ocrx_word' id='word_1_314' title='bbox 480 3071 521 3121; x_wconf 86' lang='lat' dir='ltr'>the</span> <span class='ocrx_word' id='word_1_315' title='bbox 533 3072 646 3134; x_wconf 78' lang='lat' dir='ltr'>territory</span> <span class='ocrx_word' id='word_1_316' title='bbox 654 3072 683 3122; x_wconf 82' lang='lat' dir='ltr'>of</span> <span class='ocrx_word' id='word_1_317' title='bbox 689 3071 731 3121; x_wconf 90' lang='lat' dir='ltr'>the</span> <span class='ocrx_word' id='word_1_318' title='bbox 742 3072 850 3135; x_wconf 86' lang='lat' dir='ltr'>Sequani</span> <span class='ocrx_word' id='word_1_319' title='bbox 857 3072 939 3124; x_wconf 86' lang='lat' dir='ltr'>which</span> <span class='ocrx_word' id='word_1_320' title='bbox 948 3089 1001 3124; x_wconf 75' lang='lat' dir='ltr'>wau</span> 
     </span>
     <span class='ocr_line' id='line_1_40' title="bbox 74 3128 733 3190; baseline -0.003 -13"><span class='ocrx_word' id='word_1_321' title='bbox 74 3128 191 3188; x_wconf 77' lang='lat' dir='ltr'>occupied</span> <span class='ocrx_word' id='word_1_322' title='bbox 201 3129 396 3190; x_wconf 30' lang='lat' dir='ltr'>byrsnovnnn.</span> <span class='ocrx_word' id='word_1_323' title='bbox 732 3171 733 3175; x_wconf 74' lang='grc'>,</span> 
     </span>
    </p>
   </div>
   <div class='ocr_carea' id='block_1_8' title="bbox 104 3199 441 3265">
    <p class='ocr_par' dir='ltr' id='par_1_10' title="bbox 104 3199 441 3265">
     <span class='ocr_line' id='line_1_41' title="bbox 104 3199 441 3265; baseline 0.012 -14"><span class='ocrx_word' id='word_1_324' title='bbox 104 3199 241 3265; x_wconf 76' lang='lat' dir='ltr'>‘Namely,</span> <span class='ocrx_word' id='word_1_325' title='bbox 253 3205 327 3255; x_wconf 76' lang='lat' dir='ltr'>armis</span> <span class='ocrx_word' id='word_1_326' title='bbox 338 3219 366 3255; x_wconf 93' lang='lat' dir='ltr'>or</span> <span class='ocrx_word' id='word_1_327' title='bbox 375 3206 441 3255; x_wconf 81' lang='lat' dir='ltr'>bello.</span> 
     </span>
    </p>
   </div>
   <div class='ocr_carea' id='block_1_9' title="bbox 0 0 1083 3704">
    <p class='ocr_par' dir='ltr' id='par_1_11' title="bbox 0 0 1083 3704">
     <span class='ocr_line' id='line_1_42' title="bbox 0 0 1083 3704; baseline 0 0"><span class='ocrx_word' id='word_1_328' title='bbox 0 0 1083 3704; x_wconf 95' lang='lat' dir='ltr'> </span> 
     </span>
    </p>
   </div>
  </div>
 </body>
</html>
