2146 3704
52 234 95 297 Μ
186 243 191 248 “
359 249 400 288 nn
422 251 519 291 nanno
541 253 677 293 cnnnrco.

53 377 84 416 se
95 361 130 414 ad
143 377 204 416 earn
217 378 275 414 rem
324 369 393 414 ratos
404 379 465 416 esse
477 361 595 416 arbitrati
613 369 682 431 sunt,
695 360 795 431 oppida
813 377 861 414 sua
878 360 977 440 omnia,

53 447 165 487 numero
177 431 277 485 adduc
297 432 375 502 ecim,
389 433 464 486 vicos
480 431 516 485 ad
531 431 746 501 quadringentos,
760 431 864 500 reliqua
875 439 978 499 privata

52 499 979 572 aedificia¹iucendunt,frumentumomne,praeterquamquodsecum

52 572 181 641 portaturi
199 579 281 640 eraut,
295 571 453 626 comburunt
475 581 504 624 ut
523 571 634 624 domum
653 571 789 624 reditionis
806 588 853 641 epe
874 570 980 623 sublata

52 641 200 711 paratiores
211 641 246 694 ad
258 611 480 712 omnia'pericula
489 640 629 694 subeunda
641 648 739 710 essent,
750 640 831 694 trium
843 641 979 693 mensium

52 709 147 763 molita
158 710 260 764 cibaria
272 711 321 765 sibi
334 728 471 781 quemque
482 711 562 764 domo
575 709 670 763 efferre
680 709 785 780 jubent.
813 711 979 763 Persuadent

53 774 182 833 Rauracis
202 789 229 834 et
249 780 372 849 Tulingis
391 789 419 833 et
439 780 586 848 Latobrigis
608 779 736 849 finitimis,
758 781 798 833 uti
818 779 916 833 eodem
936 779 978 832 usi

53 849 164 902 consilio
171 849 276 920 oppidis
283 850 339 902 suis
346 850 468 919 vicisque
476 849 579 902 exustis
584 866 638 901 una
647 866 710 902 curn
720 849 762 902 iis’
769 850 977 919 proficiscantur,

53 916 193 988 Boiosque,
203 919 249 988 qui
257 927 330 971 trans
340 919 465 972 Rhenum
477 917 642 972 incoluerant
655 927 682 972 et
694 919 721 972 in
733 936 828 987 agrurn
840 919 980 972 Noricum¹

53 987 210 1053 transierant
230 989 421 1058 Noreiamque⁴
439 996 631 1060 oppugnarent,
650 997 772 1058 receptos
789 989 824 1042 ad
843 1005 873 1041 ee
891 989 979 1040 socios

53 1055 105 1110 sibi
115 1056 279 1110 adsciscunt.

89 1130 114 1179 6.
132 1126 216 1180 Erant
232 1127 341 1181 omnino
358 1127 454 1182 itinera
470 1128 531 1198 duo,
544 1126 643 1196 quibus
656 1126 802 1180 itineribus*
813 1126 892 1181 domo
905 1127 978 1181 exire

52 1206 177 1266 possent:
201 1214 287 1250 unum
309 1213 357 1266 per
380 1198 524 1268 Sequanos,
548 1205 693 1266 angustum
716 1205 744 1249 et
766 1197 884 1266 difficile,
909 1199 978 1250 inter

52 1273 173 1323 montem
191 1267 284 1320 Juram
302 1278 330 1320 et
347 1267 449 1321 flumen
466 1266 634 1334 Rhodanum,
652 1267 698 1320 vix
715 1268 778 1334 qua⁶
795 1266 892 1336 singuli
910 1267 978 1320 carri

52 1326 228 1404 ducerentur3
240 1353 317 1390 mons
329 1346 421 1391 autern
432 1336 579 1390 altissimus
590 1335 772 1407 impendebat,
786 1347 815 1390 ut
827 1337 907 1390 facile
919 1355 978 1407 per·

52 1405 133 1474 pauiu
172 1405 293 1460 rohibere
313 1415 433 1476 possent:
460 1406 576 1460 alterum
599 1423 647 1476 per
666 1407 831 1476 provinciam
851 1415 976 1477 nostram,

52 1473 138 1528 multo
150 1423 256 1529 lbciliue
268 1481 349 1546 atque
362 1477 520 1547 expeditius,
531 1485 670 1547 propterea
678 1476 750 1546 quod
761 1476 831 1530 inter
839 1476 907 1530 fines
915 1477 978 1530 llei-

52 1544 187 1600 vetiomm
206 1554 235 1599 et
253 1546 435 1617 Allobrogum,
454 1548 501 1616 qui
517 1547 612 1617 nuper⁷
629 1547 718 1616 pacati
737 1555 819 1617 erant,
833 1546 978 1600 Rhodanus

52 1612 113 1668 fluit
124 1614 201 1685 isque
213 1616 347 1669 nonnullis
358 1616 424 1668 locis
435 1616 504 1670 vado
516 1615 648 1669 transitur.
677 1615 837 1670 Extremum
848 1615 970 1686 oppidun

52 1682 227 1754 Allobrogum
248 1695 290 1739 est
310 1686 514 1756 proximumque
534 1686 717 1739 Helvetiorum
738 1685 837 1738 finibus
856 1686 977 1738 Genera.

53 1753 96 1807 Ex
113 1770 146 1806 eo
163 1754 260 1825 oppido
277 1771 344 1824 pons
361 1754 395 1808 ad
408 1754 546 1808 Helvetios
557 1755 680 1825 pertinet.
716 1754 904 1822 Allobrogibus
916 1771 978 1811 sesa

51 1821 97 1876 vel
108 1840 289 1894 persuasuros,
302 1823 374 1894 quod
386 1824 504 1878 nondum
516 1823 585 1878 bono
596 1824 686 1877 enimc
702 1825 729 1874 in
741 1822 870 1892 populum
881 1823 977 1874 Rorna-

51 1907 119 1946 num
136 1891 297 1962 viderentur,
316 1892 513 1961 existimabant,
526 1891 571 1945 vel
590 1893 617 1945 vi
635 1899 779 1959 coacturos,
800 1900 829 1943 ut
847 1908 895 1960 per
913 1906 977 1943 suos

50 1960 120 2015 fines
140 1977 187 2013 eos
206 1960 245 2014 ire
264 1962 437 2030 peterentur!
470 1960 602 2015 Omnibus
624 1960 706 2013 rebus
727 1959 762 2012 ad
783 1959 976 2030 profectionem

51 2029 213 2102 comparatis
230 2029 304 2084 diem
321 2029 422 2101 dicunt,
441 2047 496 2101 qua
515 2029 560 2082 die
579 2028 614 2082 ad
634 2028 720 2099 ripam
739 2028 862 2082 Rhodani
881 2045 976 2082 ornnes

80 2192 201 2242 ¹Privata
209 2193 318 2254 aedificic
325 2200 391 2240 must
400 2191 457 2240 here
466 2193 497 2240 be
506 2191 596 2240 houees
605 2189 658 2240 that
666 2190 738 2240 stand
747 2201 814 2251 apert
822 2191 884 2241 from
895 2201 976 2242 towns

50 2254 99 2304 and
108 2253 221 2314 villages,
234 2268 261 2301 or
272 2250 486 2311 country-houees.

78 2330 89 2359 ¹
100 2327 160 2377 Cum
169 2328 210 2384 iu,
220 2325 315 2376 instead
325 2323 354 2374 uf
359 2341 444 2374 recum

79 2400 123 2450 ⁸Ie
134 2400 176 2449 the
187 2400 300 2460 territory
311 2400 425 2447 between
434 2398 477 2447 the
488 2397 591 2447 Danube
602 2399 650 2448 and
660 2399 703 2448 the
716 2399 788 2461 Alps.

19 2469 21 2472 ⁴
79 2474 188 2524 ‘Noreia
196 2474 217 2522 ie
229 2472 341 2523 believed
352 2473 460 2534 bysome
471 2481 497 2522 to
508 2474 539 2521 be
551 2471 592 2521 the
604 2472 704 2522 modern
713 2482 781 2522 town
791 2473 819 2523 ol
827 2473 916 2530 Goerz,
927 2471 976 2523 and

49 2537 84 2598 by
93 2536 177 2585 others
190 2535 331 2594 Niiruberg.

78 2609 154 2659 ‘The
170 2605 340 2668 repetitiones
351 2605 392 2656 the
408 2621 474 2656 noun
484 2616 510 2655 to
521 2603 603 2654 which
614 2606 656 2654 the
672 2605 773 2655 relative
789 2607 874 2664 refers,
888 2606 909 2654 is
919 2621 974 2666 pro-

49 2669 125 2729 bably
136 2685 167 2717 an
177 2668 299 2718 imitation
309 2666 337 2715 cf
344 2666 366 2714 le
400 2666 409 2714 l
435 2666 589 2736 hraseolcgy‚
602 2666 662 2715 euch
674 2682 700 2714 ue
711 2667 729 2714 it
741 2666 857 2715 occurred
867 2667 892 2714 in
903 2666 973 2724 lewe,

50 2737 151 2779 unctus
167 2727 286 2783 consults,
300 2724 348 2775 and
358 2736 367 2772 t
386 2741 400 2773 e
416 2681 475 2782 like,
489 2725 536 2774 and
547 2741 568 2773 rr
579 2725 654 2776 found
665 2726 690 2774 in
700 2725 733 2774 all
743 2725 785 2774 the
792 2725 908 2785 classical
918 2726 973 2775 wri-

50 2797 110 2846 ters,
122 2786 216 2848 though
226 2794 292 2836 most
303 2784 441 2847 frequently
451 2785 477 2838 in
485 2785 584 2837 Caesar.

80 2862 90 2891 ⁸
102 2858 157 2921 Qua
167 2861 208 2928 pin
219 2858 240 2906 is
250 2861 293 2907 the
307 2873 375 2908 same
386 2874 413 2906 es
424 2866 452 2906 ut
462 2875 489 2907 ec
501 2857 615 2917 (nuely,
626 2866 697 2919 porte
706 2872 734 2904 or
742 2857 801 2914 oio),
814 2856 917 2906 whence
933 2856 976 2906 the

51 2921 207 2981 subjunctive
216 2921 367 2966 ducerentur.

80 2997 90 3026 l
100 2995 184 3044 There
194 2992 242 3042 hed
258 2992 316 3041 letel
344 2993 408 3040 been
418 2999 468 3039 two
478 3007 542 3039 ware
553 3006 567 3038 a
584 2990 648 3040 sinet
660 2990 702 3039 the
713 2990 939 3059 Allobroges-one
951 3006 976 3041 rn

52 3069 106 3106 nc.
119 3057 158 3111 66,
173 3052 198 3102 in
212 3052 294 3102 which
338 3066 369 3111 ey
379 3066 444 3099 were
460 3007 622 3119 subducdgby
634 3049 663 3097 O.
677 3049 831 3120 Calpurnius
842 3050 901 3100 Pieo
912 3049 974 3120 (Cic.

50 3117 84 3164 od
93 3115 147 3165 Art.
160 3113 176 3164 i.
189 3115 241 3170 13);
259 3111 307 3163 and
317 3109 359 3161 the
370 3111 441 3158 other
450 3119 475 3159 at
486 3109 529 3158 the
540 3118 599 3160 time
610 3107 639 3161 of
650 3104 692 3157 the
705 3108 864 3160 Catrlmanun
879 3125 974 3170 conspr·

51 3189 119 3282 ripe&
132 3174 157 3279 irlr
168 3188 192 3222 a.
200 3187 221 3224 o.
233 3175 273 3230 63,
285 3169 359 3224 when
371 3169 400 3221 G.
413 3169 559 3236 Pomptinus
569 3184 621 3217 wne
632 3182 752 3229 governor
762 3167 791 3218 os
802 3168 845 3219 the
861 3169 976 3232 province

53 3247 69 3281 o
114 3248 161 3281 au.

79 3307 93 3333 '
98 3303 166 3351 Tha!
179 3306 207 3362 ie,
222 3315 252 3359 ut
260 3323 340 3373 ,epar
350 3305 526 3376 ipsommflnes
537 3304 573 3359 ire
580 3311 729 3370 pretermitti-
