2146 3704
88 247 130 308 ³2
156 248 167 256 ’
393 267 435 307 ua
456 267 553 307 anano
573 264 710 306 asiarco.

88 379 146 426 tam
157 371 204 427 diu
218 387 248 426 se
260 371 370 443 impune
389 374 499 446 injurias
515 375 609 428 tuhsse
627 374 828 442 admirarentur,
842 372 940 427 eodem
950 391 1010 444 per·

61 458 65 463 ·
88 442 193 495 tinere.¹
211 443 361 504 Consuesse
369 443 514 498 enimdeos
522 443 878 514 immortales,quo'gravius
886 443 1010 498 homines

87 527 123 564 ex
131 513 342 567 commutatione
351 530 439 568 rerum
448 513 563 584 doleant,
573 531 641 583 quos
649 530 695 583 pro
704 514 805 566 scelere
814 529 908 566 corum
917 513 1011 566 ulcisci

37 586 39 590 '
87 581 234 652 relinquis
246 583 418 637 secundiores
429 578 563 638 interdum
576 600 618 637 res
630 594 658 636 et
666 583 857 636 diuturniorem
868 583 1010 651 impunita·

87 653 309 706 temaoncedere.
345 653 423 706 Cum'
436 671 469 706 ea
482 654 519 706 ita
530 654 591 720 sint,
601 661 700 723 tamen,
711 654 733 704 si
744 652 851 706 obsides
863 652 898 704 ab
911 653 946 705 iis
958 653 1011 706 sibi

86 720 191 792 dentur,
210 723 249 775 uti
273 738 314 790 ea,
332 739 402 791 quae
426 723 608 793 polliceantur,
628 723 744 775 tacturos
767 722 915 792 intellegat,
933 730 962 774 et
985 723 1010 776 si

88 790 191 844 Aeduis
202 791 237 844 de
249 791 360 861 injuriis,
373 794 519 862 quaeipsis
535 793 668 861 sociisque
680 809 772 846 eorum
785 792 929 860 intulerint,
943 792 1010 848 item

86 859 110 912 si
121 861 309 928 Allobrogibus
321 861 494 931 satisfaciant,
504 879 565 914 sese
573 879 636 915 cum
645 863 678 915 iis
689 879 785 931 pacem
795 879 855 914 esse
865 862 1008 915 facturum.

86 928 180 983 Divico
204 930 355 998 respondit:
375 931 413 983 ita
431 930 569 984 Helvetios
587 949 605 983 a
624 931 771 1001 majoribus
794 932 850 985 suis
873 931 1009 986 institutos

86 1014 155 1069 esse,
165 1001 204 1053 uti
216 999 324 1052 obsides
335 1003 467 1071 accipere,
477 1017 530 1054 non
538 999 611 1071 dare,
621 1002 790 1054 consuerint:
803 1000 862 1070 ejus
874 1001 913 1054 rei
925 1017 1008 1071 popu·

85 1065 143 1122 lum
155 1069 306 1122 Romanurn
318 1086 379 1123 esse
391 1078 499 1124 testem.
535 1071 593 1124 Hoc
605 1087 730 1141 responso
742 1071 804 1124 dato
816 1071 948 1124 discessit.

123 1143 163 1191 15.
182 1139 290 1192 Postero
313 1138 358 1192 die
381 1148 469 1193 castra
492 1157 527 1194 ex
549 1158 582 1193 eo
606 1140 664 1193 loco
687 1150 805 1202 movent.
841 1139 919 1192 Idem
943 1140 1007 1194 lacit

84 1206 184 1261 Caesar
195 1209 401 1278 equitatumque
413 1226 530 1278 ornnem,
546 1210 582 1263 ad
600 1226 744 1262 numerum
760 1217 873 1279 quatuor
891 1209 1005 1280 milium,

83 1293 167 1344 quern
179 1279 298 1330 exomni
310 1279 444 1347 provincia
462 1288 489 1332 et
501 1279 604 1332 Aeduis
621 1288 703 1348 atque
721 1296 814 1332 eorum
833 1279 913 1331 sociis
929 1296 1006 1332 eoac-

83 1353 142 1399 tum
154 1346 280 1415 habebat,
289 1349 442 1417 praemittit,
452 1351 499 1418 qui
508 1349 701 1419 videant,.quas
713 1349 740 1401 in
752 1358 841 1418 partes
853 1348 944 1401 hostes
956 1349 1006 1402 iter

83 1413 192 1470 faciant.
228 1417 280 1475 Qui
292 1417 417 1487 cupidius
429 1419 605 1472 novissimum
617 1436 715 1487 agmen
726 1419 839 1472 insecuti
850 1419 937 1470 alieno
946 1417 1005 1471 loco

82 1501 145 1539 cum
159 1487 281 1556 equitatu
294 1487 478 1542 Helvetiorum
487 1488 618 1558 proelium
631 1490 818 1558 committunt,
831 1490 867 1541 et⁴
878 1489 957 1557 pauci
969 1488 1005 1540 de

82 1556 179 1608 nostris
190 1556 299 1610 cadunt.
335 1558 394 1616 Quo
406 1559 506 1627 proelio
519 1559 616 1612 sublati
628 1559 753 1628 Helvetii,
786 1558 837 1611 uod
850 1558 1005 1626 quingentis

81 1626 218 1693 equitibus
229 1635 334 1680 tantam
346 1627 547 1683 multitudinem
556 1629 677 1696 equiturn
687 1576 863 1698 propuhrant,
874 1627 1005 1679 audacius

81 1694 234 1765 subsistere,
249 1712 439 1766 nonnunquam
457 1705 484 1749 et
502 1698 647 1750 novissimo
662 1699 771 1764 agmine
790 1697 888 1766 proelio
901 1705 1004 1749 nostroe

81 1761 215 1818 lacessere
224 1774 377 1835 coeperunt.
415 1768 513 1819 Caesar
522 1783 584 1820 suos
595 1782 612 1817 a
620 1766 718 1841 prophe
728 1767 880 1819 continebat
892 1782 925 1817 ac
937 1765 1004 1816 satis

80 1831 199 1887 habebat
211 1836 402 1903 inpraesentia
419 1837 526 1888 hostem
545 1835 649 1904 rapinis,
663 1834 877 1903 pabulationibus
892 1833 1003 1901 popula·

80 1901 250 1970 tionibusque
259 1903 407 1971 prohibere.
427 1903 804 1971 ltadiescirciterquindecim
814 1901 1000 1970 iterfecerunt,

79 1971 119 2023 uti
131 1970 199 2023 inter
211 1972 387 2026 novissimum
399 1972 516 2026 hostiurn
528 1989 626 2040 agmen
639 1982 665 2024 et
678 1980 796 2025 nostrum
815 1971 933 2041 primum
948 1988 1002 2024 non

79 2039 197 2109 amplius
208 2041 298 2110 quinis
309 2050 356 2095 aut
368 2042 441 2095 senis
451 2042 563 2095 milibus
574 2057 704 2111 passuum
716 2041 866 2094 interesset.

117 2115 155 2162 16.
175 2109 287 2164 interim
323 2111 423 2164 uotidie
441 2112 539 2164 Caesar
556 2109 666 2164 Aeduos
683 2110 857 2179 trumentum,
870 2109 941 2179 quod
960 2127 1002 2163 es·

79 2187 139 2231 sent
155 2179 264 2248 publice
282 2128 401 2250 prhliciti,
414 2180 554 2248 flagitare.⁵
588 2180 660 2233 Nam
678 2194 784 2250 propter
802 2180 918 2248 frigora,⁶
930 2180 1002 2249 quod

77 2247 166 2302 Gallia
178 2247 229 2302 sub
241 2249 484 2319 septemtrionibus,
494 2258 523 2303 ut
535 2256 598 2302 aute
610 2248 714 2303 dictum
726 2257 774 2320 est,
788 2253 874 2320 posita
886 2258 935 2319 est,
949 2266 1002 2302 non

77 2317 157 2370 modo
173 2316 309 2372 frumenta
326 2319 354 2372 in
370 2319 442 2388 agris
453 2315 559 2372 matura
571 2335 623 2372 non
635 2327 718 2389 erant,
732 2319 780 2372 sed
794 2337 828 2373 ne
840 2320 932 2389 pabuli
944 2319 1003 2388 qui·

76 2385 141 2440 dem
154 2387 220 2441 satis
228 2405 328 2458 magna
339 2390 417 2460 copia
428 2388 604 2460 subpetebat:
624 2405 656 2441 eo
669 2398 761 2443 autern
774 2389 916 2461 frumento,
930 2387 1009 2459 quod.

106 2577 115 2604 ¹
124 2576 205 2625 Aroes
215 2576 278 2626 from
288 2577 330 2626 the
341 2591 409 2626 same
419 2575 630 2636 cause-namely‚
641 2532 703 2624 irem
713 2575 756 2624 the
768 2592 823 2638 way
833 2577 859 2625 in
868 2577 949 2627 which
959 2577 1003 2626 the

76 2635 138 2696 gods
149 2636 284 2685 conducted
295 2637 337 2687 the
348 2636 429 2685 affairs
440 2635 468 2683 of
479 2651 544 2685 men.

106 2721 197 2789 ²‘Alter
207 2739 253 2784 qao
267 2723 336 2772 there
352 2720 441 2772 should
455 2721 539 2771 follow
549 2740 574 2772 eo
583 2724 743 2781 emradiores,
756 2725 799 2772 but
815 2723 857 2772 the
869 2735 894 2773 ee
904 2724 925 2773 is
935 2723 1003 2774 osten

76 2781 180 2829 omitted
190 2782 224 2842 by
235 2781 276 2830 the
287 2783 343 2831 best
353 2783 457 2832 writers.

106 2853 191 2902 ⁸'rhst
202 2854 233 2911 is,
248 2853 397 2915 ‘although'
613 2896 617 2907 .

105 2932 115 2961 ⁴
125 2927 160 2977 Et
170 2929 228 2977 here
239 2928 349 2989 signifies
363 2928 425 2978 ‘end
435 2929 524 2986 there‚'
536 2928 579 2977 the
590 2937 612 2978 et
621 2929 696 2990 being
705 2930 788 2979 rather
798 2931 928 2990 emphatic.

105 3003 258 3110 ’hlaqdara
269 3001 409 3063 commonly
417 3002 495 3074 called
505 3002 547 3074 the
558 3001 682 3074 historical
692 3003 810 3053 infinitiva
820 3003 1000 3068 forflagitabatr

77 3067 121 3112 but
132 3074 150 3111 rt
161 3080 174 3111 s
193 3061 250 3110 ould
260 3062 292 3109 be
303 3061 381 3110 called
392 3078 407 3109 a
416 3065 556 3124 descrapttse
565 3063 692 3122 tnfinrtwe.

106 3149 218 3198 ‘Caesar
232 3148 291 3198 bere
307 3147 397 3208 speaks
413 3148 441 3196 of
452 3148 494 3196 the
509 3157 578 3208 great
595 3148 690 3198 cold‘in
708 3149 780 3207 Gaul,
793 3151 887 3213 though
903 3155 920 3202 it
937 3169 1003 3204 must

78 3208 140 3258 have
157 3211 221 3256 been
236 3207 279 3256 the
294 3208 379 3256 mouth
395 3207 423 3255 os
440 3207 514 3268 July;
537 3208 581 3255 but
597 3223 635 3255 we
654 3218 720 3257 must
736 3213 874 3260 remember
889 3213 941 3262 that
962 3215 1003 3263 tho

78 3266 191 3318 calendar
202 3277 226 3315 at
237 3267 290 3315 that
301 3267 360 3314 time
371 3282 423 3316 was
434 3266 460 3316 in
469 3267 531 3317 such
541 3265 676 3325 confusion,
689 3268 742 3317 that
753 3269 795 3319 the
806 3271 892 3321 mouth
902 3273 931 3321 os
938 3273 1003 3323 June
1031 3323 1034 3327 .

63 3325 204 3371 mea-ed
210 3334 239 3371 te
246 3339 296 3373 our
302 3324 385 3385 April.
