2146 3704
52 263 93 324 ἃ)
355 281 397 323 ns
417 281 515 324 annno
535 281 670 326 osunrco.

53 405 102 461 per
118 405 181 445 suos
203 390 339 462 principes
361 389 431 445 inter
454 407 484 444 se
507 391 645 472 conjurant
668 390 743 461 nihil,
762 389 817 445 nisi
834 390 975 446 communi

53 459 165 514 consilio
183 469 288 515 acturos
305 461 478 529 eundemque
495 477 583 514 ornnrs
596 460 718 514 fortunae
737 458 842 514 exitum
860 476 921 514 esse
938 461 976 514 la·

53 535 134 599 turos,
143 531 314 601 reliquasque
326 530 451 585 civitates
463 529 614 600 sollicitant,
623 537 652 584 ut
664 530 691 584 in
705 547 739 582 ea
750 529 883 600 libertate,
892 546 977 600 quarn

53 599 229 670 amajoribus
239 607 407 670 acceperant,
420 615 585 670 permanere,
598 614 682 668 quam
697 600 877 654 Romanorum
894 599 977 654 servi·

53 675 142 723 tutem
153 670 270 740 perferre
281 669 402 724 mallent.
438 667 518 722 Omni
525 669 571 721 ora
579 667 715 721 maritima
722 667 847 721 celeriter
855 667 891 722 ad
899 685 978 723 suam

44 739 216 794 sententiam
234 740 364 810 perducta
380 754 554 793 communem
570 737 732 805 legationem
752 737 787 790 ad
804 738 835 791 P.
851 739 979 795 cassum

45 808 176 865 mittunt:
196 809 220 863 si
232 808 297 863 velit
309 824 372 862 suos
384 807 511 877 recipere,
524 806 633 861 obsides
644 806 698 861 sibi
709 807 838 862 remittat.

89 881 115 930 9.
133 878 237 937 Quibus
255 878 290 931 de
309 877 389 931 rebus
405 878 503 930 Caesar
519 876 555 930 ab
570 877 665 930 Crasso
683 876 779 931 certior
797 875 893 946 factus,
905 877 978 946 quod

42 945 64 1000 .i
124 947 217 1001 aberat
228 945 340 1014 longius,
350 962 435 999 naves
446 944 553 1011 interim
565 945 667 1014 longas¹
673 945 812 1000 aedificari
823 945 851 999 in
864 945 977 1001 flumine

52 962 707 1086 Illgeerefquodinfluitinocesnum,remigesex
734 1014 852 1069 rorincia
861 1014 975 1088 institui,

53 1093 150 1139 mutas
160 1086 406 1154 gnbematoresque
418 1083 567 1153 comparari
577 1083 662 1154 jubet.
698 1033 748 1152 ills
760 1085 842 1138 rebus
852 1085 977 1140 celeriter

52 1153 248 1218 ndministratis
265 1155 331 1225 ipse,
344 1171 409 1208 curn
426 1154 545 1224 primurn
562 1154 691 1223 paranni
708 1162 816 1224 ternpus
833 1157 927 1225 potuit,
940 1154 976 1209 ad

53 1224 201 1279 exereitum
210 1223 354 1278 contendit.
373 1222 472 1277 Veneti
480 1221 653 1291 reliquaeque
662 1223 728 1277 item
737 1223 860 1278 civitates
867 1224 976 1294 cognito

44 1293 176 1348 Caesaris
191 1294 310 1347 adventu
325 1293 453 1346 certiores
468 1291 551 1361 lacti,⁸
567 1292 648 1350 simul
663 1292 735 1363 quod
750 1301 882 1364 quantum
899 1297 928 1348 in
946 1312 976 1348 se

53 1361 157 1417 lacinus
180 1362 362 1433 admisissent,
381 1361 575 1431 intelligebant,
594 1362 704 1432 legatos,
723 1363 794 1433 quod
818 1380 918 1418 nornen
940 1364 976 1418 ad

52 1433 286 1491 omnesnationes
304 1440 428 1487 sanctum
452 1430 664 1501 inviolatumque
688 1449 795 1501 semper
813 1432 917 1503 luisset,
935 1450 976 1487 re·

53 1508 141 1556 tentos
155 1521 173 1558 a
187 1519 217 1556 se
233 1511 259 1556 et
276 1503 303 1556 in
318 1502 425 1556 vincula
440 1500 583 1571 conjectos,
616 1519 642 1555 ro
660 1501 845 1570 magnitudine
864 1502 977 1571 periculi

52 1570 156 1626 bellurn
167 1589 261 1643 parare
273 1580 301 1625 et
313 1571 432 1625 maxime
444 1588 485 1641 ea,
495 1587 562 1652 quae
571 1519 695 1625 clusum
708 1571 819 1625 navium
831 1571 973 1644 pertinent,

52 1642 192 1763 providere
212 1642 361 1709 instituunt,
385 1640 437 1694 hoc
456 1657 557 1710 mayore
581 1657 637 1712 spe,
656 1640 727 1711 quod
747 1640 863 1696 multum
881 1650 978 1697 natura

62 1711 105 1765 oei
122 1711 300 1766 confidebant.
336 1710 475 1764 Pedestria
498 1727 558 1764 esse
581 1712 677 1765 itinera
695 1713 801 1766 concisa
824 1712 975 1784 aestuariis,

52 1781 251 1851 navigationem
269 1780 429 1851 impeditam
442 1788 547 1850 propter
562 1781 732 1836 inscientiam
750 1781 867 1835 locorum
884 1783 977 1852 pauci·

52 1857 191 1919 totamque
208 1858 334 1920 portuum
351 1849 479 1919 sciebant,
492 1866 581 1920 neque
598 1862 701 1904 nostros
718 1852 852 1905 exercitus
889 1860 976 1923 ropter

51 1916 181 1972 frumenti
197 1919 314 1989 inopiam
332 1918 434 1973 diutius
451 1917 523 1989 apud
542 1937 571 1972 ae
589 1921 686 1974 morari
703 1936 781 1991 posse
791 1869 975 1990 confidebant3

51 2003 85 2041 ac
94 1986 152 2058 jam
164 1989 202 2041 nt⁴
213 1987 304 2040 omnia
317 1996 409 2040 contra
423 1987 575 2056 opinionem
590 1988 752 2059 acciderent,
766 1999 857 2044 tamen
872 2007 902 2043 se
917 1991 976 2060 plu·

42 2056 151 2111 nimum
159 2055 368 2127 naribusposse,
378 2057 511 2110 Romanos
519 2074 553 2110 ne
573 2075 608 2112 ue
616 2058 702 2112 ullam
709 2058 865 2113 facultatem
874 2059 976 2114 habere

51 2127 162 2180 navium
174 2142 263 2195 neque
272 2143 364 2180 eorum
373 2125 499 2194 locorum,
509 2126 555 2180 ubi
583 2127 665 2182 ellum
677 2131 778 2197 gesturi
788 2138 886 2199 essent,
895 2129 975 2201 vada,

51 2205 150 2267 portus,
163 2194 264 2249 insulas
281 2196 388 2249 novisse
395 2212 403 2264 3
421 2212 454 2249 ac
472 2194 549 2276 longe
566 2196 649 2251 aliam
663 2215 724 2251 esse
736 2198 935 2266 navigationem
947 2200 976 2254 in

51 2265 177 2320 concluso
194 2265 262 2320 mari
278 2273 360 2334 atque
378 2265 406 2319 in
421 2265 573 2321 vastissimo
592 2275 673 2335 atque
691 2267 857 2337 apertissimo
868 2269 976 2322 Oceano

51 2335 257 2406 perspiciebant.
287 2336 336 2389 liis
344 2335 417 2389 initis
425 2334 543 2389 consiliis
551 2336 648 2406 oppida
657 2336 787 2406 muniunt,
797 2336 932 2391 frumenta
941 2355 977 2392 ex

44 2405 123 2474 agris
134 2405 161 2458 in
172 2405 270 2477 oppida
281 2405 453 2475 comportant,
466 2422 550 2458 naves
561 2406 589 2458 in
599 2405 762 2476 Venetiam,⁶
772 2405 819 2475 ubi
831 2406 976 2461 Caesarem

50 2475 169 2545 primum
192 2491 254 2528 esse
277 2473 543 2544 bellum-genarum
566 2474 713 2543 constabat,
737 2491 820 2544 quarn
843 2475 975 2545 plurimas

50 2552 170 2617 possunt,
183 2554 290 2613 cogunt.
326 2543 416 2598 Socios
427 2544 525 2599 sibiad
538 2543 565 2598 id
577 2544 681 2598 bellurn
692 2543 820 2615 Osismos,
834 2544 974 2617 Lexovtos,

937 2659 973 2672 —

80 2715 179 2764 ιΝιιυεε
190 2717 276 2778 longae
290 2731 332 2763 are
347 2714 415 2774 ships
425 2713 454 2763 of
465 2730 524 2771 war,
538 2731 565 2764 as
576 2712 756 2776 distinguished
770 2712 833 2764 from
848 2713 891 2763 the
906 2729 975 2765 mora

51 2773 130 2835 hullry
140 2783 284 2834 transports,
298 2788 326 2822 or
336 2789 409 2822 moes
420 2775 552 2822 onerariae.

79 2861 155 2911 ''l'he
166 2861 231 2910 river
241 2852 316 2922 Liger
326 2860 348 2910 is
358 2860 401 2909 the
412 2860 514 2910 modern
524 2861 605 2911 Loire.

79 2951 90 2980 ⁹
100 2948 217 2998 certiores
221 2949 288 3010 sacti
294 2965 305 3005 ;
323 2948 375 2996 that
387 2948 417 3006 is,
430 2948 503 2997 havin
535 2949 633 2999 learned
644 2951 678 3010 by
688 2949 730 2998 tha
742 2947 829 2997 arrival
841 2946 870 2997 os
882 2947 976 2998 Caesar

51 3007 117 3059 what
133 3008 193 3069 they
203 3008 252 3056 had
267 3017 293 3056 to
308 3017 411 3076 expect3
429 2965 535 3070 hemely,
548 3009 676 3078 thattbey
687 3009 769 3057 would
785 3008 847 3077 hare
863 3017 890 3057 to
905 3021 975 3075 carry

49 3068 205 3126 anthenor,
217 3076 260 3116 not
271 3077 366 3129 against
379 3067 493 3126 Crassus,
506 3069 550 3117 but
561 3079 656 3130 against
668 3068 761 3117 Caesar
770 3066 881 3123 himself,

80 3156 90 3186 ⁴
103 3156 135 3205 Ut
146 3157 214 3212 here,
227 3171 254 3204 as
270 3155 296 3204 in
311 3171 386 3217 many
396 3156 467 3205 other
481 3171 608 3216 passages,
620 3155 740 3216 signifiea
756 3155 886 3216 ‘granting
899 3153 973 3212 that,’

51 3228 80 3264 or
92 3216 322 3277 ‘suppoaingthat’
925 3246 929 3251 ·

79 3299 271 3352 'Veretr'ahere
279 3303 303 3354 is
312 3313 355 3354 not
366 3319 381 3353 a
391 3312 468 3362 town,
480 3304 524 3354 bnt
533 3302 576 3352 the
587 3311 691 3364 country
699 3301 729 3352 of
736 3302 779 3353 the
790 3301 889 3352 Veneti.
