2146 3704
52 260 110 320 128
353 278 394 319 mr
414 278 512 318 annuo
533 276 671 318 osnurco.

49 403 99 441 suo
110 403 184 441 more
196 385 436 456 conclamaverunt,
450 386 490 439 uti
506 386 591 457 aliqui
607 403 643 441 ex
658 386 801 440 nostrised
813 387 976 457 colloquium

49 458 198 528 prodirent;
217 456 316 511 habere
333 473 403 525 sese,
421 456 544 524 quaeda
562 474 590 510 re
608 457 745 510 communi
762 457 854 510 dicere
866 457 974 529 vellent,

48 526 150 597 quibus
161 527 242 581 rebus
252 526 445 579 controversias
456 527 540 579 nrinui
551 543 630 596 posse
643 535 789 597 sperarent.

86 602 129 650 27.
148 597 266 650 Mittitur
276 597 312 650 ad
330 613 377 649 eos
393 595 563 665 colloquendi
579 614 662 650 causa
679 597 709 649 C.
726 596 879 666 Arpineius,
892 613 977 666 eques

49 667 193 737 Romanus,
212 666 351 720 familiaris
373 666 406 725 Q.
430 666 534 730 Titurii,
559 667 645 726 etQ.
670 667 765 720 Junius
789 683 824 720 ex
849 667 979 736 Hispania

49 737 168 807 quidam,
182 737 228 806 qui
246 736 302 807 jam
321 745 385 789 ante
404 736 490 788 missu
508 737 639 789 Caesarie
657 736 692 788 ad
707 735 895 805 Ambiorigem
914 752 977 791 ven·

49 807 128 860 titare
151 815 340 859 consueverat:
365 805 437 874 apud
459 821 526 873 quos
545 806 686 860 Ambiorix
707 805 742 858 ad
766 805 839 858 hunc
864 805 977 861 modum

50 875 155 929 locutus
174 884 229 928 est:
255 891 316 928 sese
332 891 379 944 pro
393 875 513 933 Caesaris
533 874 561 927 in
581 892 611 928 se
631 875 773 928 benefieiis
786 875 936 945 plurimum
952 876 979 929 si

49 946 169 998 confiteri
191 944 298 1014 debere,
319 943 391 1012 quod
414 943 475 1012 ejus
496 959 577 1012 opera
596 944 728 1014 stipendio
747 944 874 998 liberatus
896 954 976 1015 esset,

49 1015 121 1084 quod
138 1013 288 1067 Aduatucis
306 1012 426 1066 finitimis
443 1012 499 1064 suis
520 1013 639 1083 pendere
656 1023 827 1083 conmesset5
852 1015 978 1084 quodque

50 1084 77 1137 ei
97 1093 124 1136 et
144 1084 214 1136 filius
234 1091 261 1135 et
281 1082 369 1135 fratris
387 1082 459 1134 filius
477 1082 513 1136 ab
531 1083 646 1134 Caesare
666 1083 771 1135 remissi
789 1097 888 1153 essent,
911 1101 979 1153 quos
1007 1097 1010 1103 '

50 1152 193 1223 Aduatuci,
212 1151 337 1205 obsidum
360 1167 471 1204 nomem
494 1152 597 1219 missos,
616 1152 688 1220 apud
706 1169 736 1204 se
752 1151 781 1204 in
804 1153 933 1206 servitute
951 1162 979 1206 et

49 1223 152 1276 catenis
169 1221 331 1275 tenuissent:
356 1237 445 1289 neque
462 1219 498 1288 id,
517 1219 588 1287 quod
606 1220 700 1272 feeerit
724 1220 758 1273 de
781 1223 978 1292 oppugnatione

49 1301 205 1360 castrorum,
224 1300 270 1343 aut
288 1290 388 1360 judicio
407 1298 453 1341 aut
470 1289 605 1341 voluntate
626 1306 676 1342 sua
695 1290 801 1361 fecisse,
815 1292 863 1344 sed
881 1300 979 1346 coactu

51 1361 169 1414 civitatis
176 1377 183 1429 ς
202 1376 304 1429 suaque
323 1375 383 1411 esse
401 1358 533 1428 ejusmodi
545 1359 677 1428 imperia‚¹
687 1368 717 1412 ut
728 1376 781 1412 non
792 1361 884 1413 minus
895 1361 978 1416 habe-

50 1440 90 1484 ret
108 1430 173 1501 juris
185 1431 212 1482 in
225 1446 255 1482 se
267 1428 417 1496 multitudo,
431 1445 512 1497 quarn
524 1429 581 1498 ipse
593 1429 621 1480 in
631 1427 840 1482 multitudinem
870 1431 980 1484 Civitati

50 1516 125 1570 porro
148 1500 218 1553 hanc
241 1499 324 1552 fuisse
347 1498 412 1552 belli
435 1514 552 1567 oausam,
573 1497 642 1567 quod
667 1498 821 1567 repentinae
839 1499 979 1555 Gallorum

50 1569 224 1639 conjurationi
243 1570 367 1622 resistere
378 1584 432 1620 non
442 1568 573 1637 potuerit:
592 1567 619 1620 id
632 1585 662 1620 se
674 1566 753 1620 facile
771 1585 806 1621 ex
818 1569 980 1624 humilitate⁸

50 1655 100 1692 sua
111 1638 222 1708 probare
270 1656 321 1706 sse,
335 1637 470 1707 quod'non
481 1637 549 1690 adeo
567 1638 601 1689 sit
620 1637 759 1706 imperitus
771 1654 868 1708 rernm,
881 1649 911 1692 ut
923 1640 979 1694 suis

50 1709 135 1778 copiis
157 1725 225 1778 popu
237 1725 284 1761 um
308 1710 458 1762 Romanurn
480 1723 511 1759 se
531 1723 655 1776 superare
675 1723 754 1776 posse
773 1708 905 1761 confidat:
929 1709 979 1763 sed

51 1794 112 1831 esse
125 1779 228 1831 Galliae
246 1794 390 1831 commune
409 1775 566 1845 consilium
584 1776 710 1830 omnibus
720 1776 841 1830 hibernis
854 1778 978 1831 Caesaris

51 1847 235 1916 oppugnandis
252 1846 324 1900 hunc
342 1864 403 1899 esse
420 1846 525 1899 dictum
542 1847 625 1915 diem,
644 1864 678 1898 ne
697 1863 751 1914 qua
775 1846 843 1914 legio
866 1847 979 1901 alterae⁴

51 1916 149 1982 legioni
160 1914 278 1968 subsidio
290 1917 381 1968 venire
393 1924 498 1984 posset:
518 1931 570 1967 non
588 1915 668 1968 facile
680 1915 771 1968 Gallos
783 1916 867 1968 Gallis
878 1933 978 1985 negare

51 1985 176 2053 potuisse,
196 1986 353 2053 praesertim
383 2000 449 2036 uum
461 1984 496 2036 de
509 1985 691 2053 recuperanda
702 1986 840 2037 communi
851 1985 977 2040 libertate

51 2051 193 2112 consilium
217 2052 314 2104 initum
336 2001 480 2105 videretur.
515 2052 631 2112 Quibus
648 2054 773 2124 quoniam
796 2071 843 2124 pro
867 2056 978 2125 pietate⁵

51 2121 218 2191 satisfecerit,
238 2119 338 2174 habere
361 2137 433 2174 nunc
456 2139 486 2174 se
510 2123 641 2176 rationem
664 2124 744 2176 officii
768 2140 814 2192 pro
838 2124 979 2178 beneficiis

51 2191 173 2245 Caesaris
180 2207 188 2260 3
210 2207 329 2263 monere,
348 2207 422 2243 orare
440 2191 573 2246 Titurium
596 2209 642 2262 pro
661 2193 783 2262 hospitio,
801 2201 831 2245 ut
855 2211 921 2247 suae
944 2211 979 2248 ac

50 2260 168 2314 militum
187 2261 265 2314 saluti
283 2261 419 2314 consulat:
438 2279 566 2331 magnam
584 2279 693 2316 manum
707 2263 901 2316 Germanorum
915 2279 977 2316 oon-

49 2329 159 2383 ductam
171 2331 294 2384 Rhenum
306 2332 432 2384 transisse
439 2347 448 2400 3
465 2331 535 2384 hanc
552 2331 643 2384 adfore
655 2331 745 2386 biduo.
781 2332 904 2402 Ipsorum
915 2350 977 2386 esse

51 2401 211 2473 consilium,⁰
222 2400 340 2455 velintne
359 2401 439 2472 prius,
453 2418 534 2470 quam
552 2401 658 2454 finitImi
677 2402 800 2474 sentiant,
814 2401 926 2456 eductos
943 2419 978 2456 ex

80 2623 181 2672 ¹Misstt
193 2623 303 2673 Caesaris
314 2623 335 2671 is
346 2621 388 2670 the
399 2637 467 2671 sume
478 2637 505 2670 as
515 2622 622 2670 mittente
632 2619 741 2669 Caesare.
773 2619 820 2667 See
831 2618 864 2668 vi.
875 2623 899 2669 7.

70 2697 88 2763 ι’
97 2695 199 2758 Imperio
209 2697 266 2745 here
277 2711 317 2744 are
329 2694 371 2743 the
381 2695 459 2756 rights
470 2695 518 2744 and
533 2710 628 2755 powers
639 2693 720 2742 which
735 2692 825 2754 belong
839 2701 866 2741 to
882 2691 934 2741 him
949 2707 976 2741 as

49 2752 232 2874 lnligllorrrilitor
249 2825 272 2874 is
286 2825 329 2874 the
343 2826 453 2884 opposite
463 2826 492 2874 of
500 2834 616 2889 potestas,
629 2824 685 2882 and,
698 2821 862 2885 accordingly,
877 2823 975 2873 ‘week-

49 2885 126 2951 uess‚'
139 2899 167 2932 or
179 2889 259 2932 ‘want
271 2884 299 2932 of
310 2885 409 2944 power)

78 2958 196 3007 ⁴Alterae
211 2973 296 3006 occurs
312 2974 370 3006 now
380 2957 427 3007 and
443 2959 503 3007 then
519 2959 544 3007 in
560 2959 602 3007 the
620 2958 700 3007 dative
718 2957 755 3006 lor
767 2958 846 3005 alteri.
879 2956 908 3005 In
925 2955 975 3004 lilre

49 3033 151 3068 manner
158 3033 195 3066 we
206 3017 258 3067 also
268 3016 319 3067 find
328 3018 437 3066 alteroin
444 3019 486 3068 the
495 3019 585 3076 dative,
595 3018 690 3067 instead
698 3017 726 3066 of
732 3019 810 3066 alteri.
833 3016 929 3064 Saevii.
937 3019 974 3063 25.

78 3093 195 3150 ‘Pistam
213 3092 263 3142 this
273 3092 341 3141 word
357 3093 490 3162 comprises
501 3093 533 3141 all
544 3093 586 3162 the
597 3092 677 3140 duties
688 3089 768 3160 which
785 3105 800 3138 a
816 3104 873 3138 man
889 3089 935 3197 hll
950 3098 975 3136 to

50 3151 891 3272 tittttt‘ltpithrtttt‘tthtttttttllttuttt.
934 3163 974 3195 ⁶¹⁰

72 3283 207 3349 “huorom
217 3303 268 3334 esse
276 3288 410 3344 wardiam,
423 3286 442 3334 it
452 3300 504 3334 was
515 3285 540 3334 in
550 3284 613 3333 their
622 3299 706 3345 power
722 3281 762 3343 the
777 3282 840 3339 said)
853 3291 880 3331 to
894 3280 972 3331 detar-

35 3351 107 3387 mme
120 3342 239 3401 whether,
255 3344 306 3396 due.
744 3371 746 3377 ,
