2146 3704
67 216 132 277 aot
372 233 414 274 na
434 234 532 307 aaran
553 233 691 275 amuco.

68 342 159 414 paullo
170 348 235 395 ante
245 341 385 397 Lutetiam
395 343 532 397 diximus.¹
567 342 748 414 Deprehensis
765 341 882 397 navibus
893 341 993 397 circitm

70 431 94 467 u.
108 411 287 481 celeriterque
304 411 461 483 conjunctis,
474 423 556 483 atque
568 415 610 467 eo¹
620 412 753 467 militibus
764 412 906 483 impositis,
919 419 946 464 et
956 410 994 466 rei

70 480 187 534 novitate
202 483 349 551 perterritis
364 482 511 554 oppidanis,
524 501 635 553 quomm
650 499 750 550 inagna
765 499 829 552 pars
842 481 879 535 ad
895 480 995 536 bellum

70 559 127 604 erat
139 559 259 620 evocata,
273 552 331 605 sine
348 553 516 606 contentione
534 552 631 623 oppido
639 553 747 626 potitur.
783 551 896 606 Refecto
908 559 995 621 ponte,

69 638 154 691 quem
166 621 346 691 superioribus
357 622 453 676 diebus
465 621 556 676 hostes
568 623 737 691 resciderunt,
747 622 904 676 exercitum
912 620 997 674 tradu-

71 692 115 761 cit,
129 700 156 744 et
169 690 287 744 secundo
299 691 421 745 flumine'
432 692 465 745 ad
485 693 621 746 Lutetiam
632 693 682 746 iter
695 691 784 744 facere
796 692 896 760 coepit.
932 690 997 743 Hos·

70 769 120 824 tes,
134 777 162 813 re
180 762 287 830 cognita
306 761 339 814 :b
357 761 397 831 iis,
410 762 456 831 qui
474 779 491 814 a
507 763 655 816 Meloduno
671 761 849 831 profugerant,
862 757 998 814 Lutetia'rn

70 828 178 883 incendi
190 839 339 910 pontesque
352 830 413 900 ejus
424 831 516 901 oppidi
528 833 644 886 rescindi
655 832 765 902 jubent:
785 831 838 900 ipsi
856 829 969 900 proiecti
979 845 997 882 a

70 899 176 970 palude,
190 918 217 952 rn
235 900 300 969 ripis
316 899 463 971 Sequanae,
477 917 493 953 e
510 902 618 970 regione
633 901 764 970 Lutetiae,
776 908 870 954 contra
886 898 998 954 Labieni

70 977 158 1022 castra
169 969 329 1022 considunt.⁴

106 1042 148 1088 59.
166 1039 227 1091 Jarn
240 1039 368 1091 Caesare
379 1039 513 1108 Gergovia
524 1039 682 1094 discessisse
699 1039 873 1106 audiebatur;
890 1039 949 1109 jam
963 1035 998 1091 de

71 1105 227 1161 Aeduorum
238 1106 390 1161 defectione
409 1118 439 1162 et
454 1109 572 1164 secundo
583 1110 689 1163 Galliae
706 1111 792 1163 rn'otu‘
802 1125 925 1163 rumores
935 1106 998 1162 affe·

72 1176 205 1248 rebantur,
218 1177 343 1247 Gallique
355 1177 381 1232 in
395 1179 541 1259 colloquiis,
554 1179 731 1233 interclusum
750 1179 845 1232 itinere
863 1186 891 1231 et
904 1176 999 1246 Ligeri·

71 1246 224 1316 Caesarem,
243 1247 287 1300 ino
305 1248 331 1300 ia
355 1247 483 1301 frumenti
506 1256 638 1318 coactum,
656 1248 685 1302 in
727 1247 873 1302 maiacum
892 1255 999 1303 conten·

72 1317 145 1370 disse
163 1317 290 1369 confirma
325 1324 363 1383 ut.
399 1317 535 1371 Bellovaci
552 1326 653 1383 autem,
672 1265 826 1373 deiectione
844 1317 999 1372 Aeduorum

72 1385 185 1455 cognita,
198 1385 243 1455 qui
259 1394 323 1440 aute
340 1395 416 1440 erant
433 1404 481 1457 per
498 1405 528 1442 se
546 1387 677 1454 infideles,
690 1404 787 1441 manus
805 1403 903 1455 cogere
921 1394 999 1456 atque

72 1465 164 1527 aperte
176 1455 279 1513 bellum
290 1473 383 1528 parare
396 1466 550 1527 coeperunt.
585 1458 657 1511 Tum
668 1457 812 1526 Labienus,
826 1464 901 1509 tauta
913 1472 1000 1510 rerum

73 1525 291 1597 commutatione,
316 1528 395 1596 louge
413 1527 485 1581 aliud
506 1527 556 1581 sibi
579 1527 743 1598 capiendum
760 1526 904 1580 consilium
920 1534 1000 1606 atque

73 1605 154 1650 antea
172 1605 291 1650 senserat
319 1597 500 1666 intelligebat:
525 1615 615 1668 neque
631 1596 696 1668 jam,
716 1604 745 1649 ut
762 1595 863 1665 aliquid
880 1611 1000 1666 acquire·

74 1674 114 1719 ret
126 1666 279 1736 proelioque
292 1636 383 1720 hostes
399 1667 552 1738 lacesseret,
566 1668 615 1721 sed
629 1675 659 1720 ut
673 1667 836 1721 incolumem
853 1666 1012 1734 eirercitum⁸

73 1735 245 1804 Agendicum
268 1735 416 1806 reduceret,
435 1737 579 1805 cogitabat.
615 1738 742 1806 Namque
759 1735 846 1788 altera
868 1751 904 1790 ex
928 1741 1001 1806 parte

74 1804 217 1875 Bellovaci,
230 1822 301 1875 quae
319 1806 415 1860 civitas
432 1807 459 1860 in
478 1807 567 1861 Gallia
584 1807 732 1860 maximam
747 1805 830 1859 habet
848 1807 1001 1874 opinionem

73 1874 198 1943 virtutis,²
215 1875 365 1943 instabant,
389 1877 501 1929 alteram
520 1877 719 1945 Camulogenus
741 1883 844 1945 parato¹
857 1884 940 1946 atque
964 1874 1001 1928 in·

74 1951 173 1996 structo
185 1943 304 1996 exercitu
316 1944 441 1997 tenebat:
461 1952 520 1997 turn
537 1945 666 2014 legiones,
679 1963 697 1999 a
715 1945 847 2042 praesidio
858 1953 941 2016 atque
952 1944 1000 1998 im·

73 2009 238 2082 pedimentis
255 2011 422 2081 interclusas,
441 2013 591 2067 maximum
611 2013 716 2068 flumen
742 2014 897 2069 distinebet.
932 2014 1001 2068 Tau·

73 2082 110 2135 tis
127 2079 216 2134 subito
234 2079 439 2134 difficultatibus
461 2079 582 2152 objectis,
600 2081 636 2136 ab
653 2082 738 2137 animi
755 2084 853 2138 virtute
871 2084 1001 2139 auxilium

72 2148 223 2223 petendum
234 2147 353 2202 videbat.

109 2223 151 2272 60.
169 2219 264 2299 Itaque
282 2217 334 2272 sub
349 2234 492 2289 vespemm
508 2219 617 2274 consilio
633 2231 785 2293 convocato,
799 2221 960 2294 cohortatus,
972 2224 1003 2277 ut

74 2305 114 2360 ea,
134 2305 204 2359 quae
224 2297 390 2359 imperasset,
410 2289 551 2358 diligenter
569 2290 752 2361 industrieque
775 2291 1001 2363 administrarent,

73 2376 166 2429 naves,
184 2376 252 2429 quas
274 2376 291 2412 a
314 2359 462 2413 Meloduno
485 2358 642 2431 deduxerat,
662 2361 782 2430 singulas
799 2362 936 2431 equitibus
952 2363 1002 2417 Ro·

73 2429 162 2483 ruanis
171 2429 306 2498 attribuit,
320 2437 347 2482 et
365 2429 452 2499 prima
470 2429 593 2483 conlecta
608 2431 706 2499 vigilia,
720 2439 833 2500 quatuor
849 2432 926 2486 milia
943 2449 1002 2503 pas·

74 2516 157 2555 suurn
171 2499 288 2552 secundo
306 2499 418 2552 flumine
434 2499 538 2553 silentio
553 2500 675 2569 progredi
694 2500 785 2571 ibique
803 2518 834 2554 se
852 2500 1002 2572 exspectari
1028 2502 1031 2505 ’

72 2567 157 2637 jubet.
181 2569 306 2638 Quinque
318 2568 449 2640 cohortes,
461 2587 529 2639 quas
540 2570 654 2623 minime
666 2570 758 2623 firmas
768 2569 804 2624 ad
816 2571 1002 2627 dimicandum

103 2698 111 2726 ¹
122 2696 216 2756 Supply
225 2699 327 2758 positam
339 2715 396 2746 esee.
686 2744 688 2749 .

103 2756 159 2802 ’Eo
167 2774 177 2813 5
195 2757 249 2804 that
260 2757 290 2813 is,
303 2759 354 2814 iie;
373 2757 471 2817 namely
481 2759 591 2806 navitae.
624 2757 745 2816 Compare
756 2774 779 2806 v.
793 2760 830 2816 14,
843 2768 901 2808 note
915 2763 936 2810 1.

103 2815 113 2843 ⁸
122 2814 342 2886 demadoflcmine,
359 2816 446 2864 ‘down
457 2817 499 2864 the
515 2817 598 2874 river‚’
610 2819 729 2865 aeneadae
745 2817 820 2879 being
829 2816 931 2869 derived
940 2819 1003 2869 from

73 2891 270 2988 seiudhnridunt,
286 2931 359 2992 ‘they
370 2932 462 2989 settle,’
475 2949 502 2981 or
515 2934 596 3040 ‘pitch
607 2935 671 2983 their
681 2935 769 2994 camp!

104 2995 247 3044 ‘Secundus
258 3000 344 3047 motae,
360 2992 526 3041 ‘asuccesslu
547 2994 706 3043 movement.’

100 3055 213 3137 '⁶Itiqere
222 3061 244 3102 et
255 3051 342 3114 Ligeri
348 3069 359 3108 ,·
378 3051 430 3100 that
447 3052 476 3109 is,
498 3055 605 3102 transita
616 3052 723 3115 Ligeris,
738 3051 816 3103 ‘horn
832 3055 944 3118 crossing
960 3054 1001 3104 the

77 3114 171 3222 Ligesqe
183 3173 207 3221 ii.
219 3175 242 3220 4.
620 3137 622 3142 ·
833 3211 835 3216 .
877 3209 881 3216 .

105 3232 242 3292 *Namelp
255 3231 298 3279 the
310 3231 432 3290 Sequana,
446 3230 527 3280 which
537 3238 563 3280 at
574 3229 626 3279 that
636 3229 696 3280 time
707 3246 759 3281 was
770 3232 844 3283 much
855 3233 959 3284 swolleu
968 3233 998 3293 by

77 3290 118 3338 the
130 3291 233 3351 melting
244 3289 272 3338 of
280 3289 321 3339 the
332 3305 411 3339 suow.
