2146 3704
91 275 150 335 lor
393 291 434 334 nn
455 291 553 333 annno
571 290 708 334 armico.

87 408 197 454 centem
219 399 364 472 praefecit:
391 400 458 472 ipse,
482 418 568 473 quum
589 409 772 457 maturescere
796 399 933 455 frumenta
948 399 1013 455 inci·

87 479 190 542 perent,
214 471 249 524 ad
272 470 376 525 bellum
398 471 562 541 Ambiorigis
584 472 727 543 profectus,
753 471 812 544 [per
828 469 1014 525 Arduennam²

88 540 193 610 silvam,
207 558 277 610 quae
290 549 331 594 est
344 541 424 594 totius
435 541 540 595 Galliae
558 542 679 596 maxima
696 549 778 611 atque
796 540 833 595 ab
845 540 910 610 ripis
926 539 1015 594 Rheni

87 611 240 681 finibusque
258 611 429 664 Trevirorum
446 611 480 664 ad
498 613 614 666 Nervios
631 613 754 682 pertinet,
773 610 941 679 milibusque
957 625 1015 664 am·

87 680 158 751 plius
170 681 322 750 quingentis
333 681 360 734 in
372 680 568 749 longitudinem
586 680 671 754 patet]
684 681 715 734 L.
727 679 882 734 Minucium
893 679 1016 735 Basilum

87 750 235 804 cumomni
248 750 369 819 equitatu
380 751 534 820 praemittit,
547 752 570 804 si
583 751 648 820 quid
666 751 804 804 celeritate
816 748 921 802 itineris
932 757 1015 818 atque

86 819 281 890 opportunitate
299 819 427 889 temporis
443 819 572 889 proficere
588 821 687 890 possit3
704 827 804 889 monet,
816 826 847 872 ut
865 819 944 887 ignea
955 819 1013 872 fieri

86 888 221 942 incastris
237 887 383 958 prohibeat,
396 905 431 940 ne
448 905 503 958 qua
520 889 580 958 ejus
596 889 730 944 adventus
745 888 837 959 procul
854 889 1014 958 siguifieetio

86 958 147 1011 fiat:
168 973 229 1010 sese
241 956 384 1010 confestim
395 957 523 1027 subsequi
536 957 609 1012 dicit.

121 1032 163 1079 30.
182 1025 293 1097 Basilus,
314 1035 343 1080 ut
364 1027 526 1097 imperatum
546 1036 596 1099 est,
616 1028 698 1099 sacit3
723 1027 849 1081 celeriter
867 1036 1012 1099 contraque

85 1097 207 1150 omniurn
229 1097 381 1166 opinionem
403 1096 526 1151 confecto
549 1098 652 1169 itinere,
671 1098 770 1151 multos
792 1098 820 1151 in
839 1097 912 1166 agris
931 1098 1012 1169 inopi·

85 1176 182 1221 nantes
205 1166 382 1238 deprehendit
389 1183 397 1237 3
422 1183 515 1221 eorum
538 1167 637 1221 indicio
654 1166 690 1220 ad
713 1167 803 1237 ipsum
826 1166 1012 1238 Ambiorigem

85 1235 229 1306 contendit,
243 1253 295 1306 quo
313 1237 341 1290 in
360 1235 419 1289 loco
438 1253 503 1290 cum
521 1237 615 1306 paucis
626 1236 763 1307 equitibus
782 1254 844 1291 esse
862 1237 1010 1292 dicebatur.

85 1306 204 1360 Multum
224 1323 308 1376 quum
328 1306 357 1359 in
374 1306 498 1359 omnibus
518 1306 606 1376 rebus,
626 1314 685 1360 turn
702 1306 730 1360 in
751 1324 779 1360 re
799 1307 909 1361 militari
926 1315 1011 1378 potest

85 1375 198 1430 fortuna.
235 1377 308 1429 Nam
331 1375 399 1429 sicut
419 1392 518 1445 magno
537 1376 636 1430 accidit
660 1393 740 1446 casu„
755 1384 784 1430 ut
807 1378 836 1430 in
859 1377 951 1448 ipsum
973 1377 1010 1432 irr-

86 1458 198 1501 cautum
226 1455 308 1516 atque
338 1446 422 1500 etiam
449 1447 614 1517 imparatum
642 1445 778 1517 incideret,
802 1447 931 1517 priusque
953 1445 1011 1517 ejus

84 1515 217 1571 adventus
240 1517 275 1571 ab
298 1516 454 1571 hominibus
477 1517 618 1587 videretur,
638 1533 720 1586 quarn
740 1516 814 1569 fama
833 1525 879 1570 aut
898 1519 1010 1570 nuncius

75 1585 248 1640 ‘adferretum
277 1586 316 1639 sic
339 1587 524 1656 magnae-suit
544 1587 672 1655 fortunae,
693 1587 767 1640 omni
786 1585 897 1639 militari
916 1587 1010 1640 instru-

84 1658 196 1726 mento,²
207 1655 277 1726 quod
291 1656 392 1709 circum
405 1673 435 1710 se
447 1656 572 1726 habebat,
586 1666 684 1728 erepto,
695 1655 785 1710 rhedis
797 1656 928 1726 equisque
939 1673 1010 1710 eom·

85 1724 232 1796 prehensis,
247 1725 337 1796 ipsum
348 1725 467 1794 effugere
480 1727 613 1780 mortem.⁸
647 1726 700 1781 Sed
718 1725 769 1780 hoe
787 1741 820 1778 eo
837 1724 943 1779 factum
961 1734 1008 1796 est,

85 1795 156 1865 quod
173 1795 296 1849 aedificio
314 1795 477 1849 circumdato
496 1796 571 1866 silva,
586 1797 626 1868 (ut
644 1804 706 1850 suut
723 1796 780 1849 fere
799 1794 937 1849 domicilia
948 1795 1010 1850 Gal·

85 1863 179 1934 lorum‘,
193 1866 238 1935 qui
256 1864 357 1918 vitandi
374 1873 467 1919 aestus
484 1881 575 1935 causa,
588 1865 748 1937 plerumque
768 1864 897 1919 silvarum
912 1881 946 1919 ao
963 1866 1010 1920 flu·

84 1933 190 1986 minum
220 1941 315 2002 petunt
344 1933 568 2053 propinquitates)
591 1936 705 1988 comites
726 1934 929 2005 familiaresque
952 1934 1010 2007 ejus

85 2010 198 2070 angusto
216 2002 243 2054 iu
262 2001 319 2053 loco
336 2002 482 2071 paulisper
499 2003 622 2071 equitum
638 2012 787 2058 nostrorum
803 2005 861 2058 vim
878 2005 1009 2060 sustinue-

85 2078 154 2124 runt.
190 2071 240 2124 His
263 2069 449 2140 pugnantibus,
474 2070 554 2125 illurn
581 2072 609 2124 in
638 2090 740 2128 euurn
762 2073 874 2144 quidam
899 2091 933 2129 ex
956 2077 1009 2128 suis

84 2139 189 2193 intulit:
216 2139 365 2209 fugientem
388 2139 473 2193 silvae
497 2149 628 2195 texerunt.
684 2144 709 2197 ic
728 2152 756 2197 et
775 2144 810 2197 ad
830 2143 1011 2200 subeundum⁴

84 2209 234 2281 periculum
247 2217 274 2262 et
285 2208 321 2262 ad
334 2208 473 2264 vitandum
487 2210 603 2265 multum
615 2211 721 2266 fortuna
732 2213 824 2268 valuit.

120 2283 161 2333 st.
180 2279 320 2334 Ambiorix
336 2279 429 2350 copias
446 2297 510 2335 suas
525 2280 661 2351 jndicione
685 2299 736 2336 non
755 2283 920 2354 conduxerit,
935 2282 1010 2356 quod

83 2349 184 2420 proelio
203 2350 389 2403 dimicandum
408 2366 461 2404 non
479 2351 644 2421 existimarit,
656 2369 691 2405 an
706 2359 827 2423 tempore
840 2354 967 2408 exclusus
983 2361 1010 2408 et

83 2419 221 2490 repentino
239 2420 361 2490 equitum
377 2419 496 2475 adventu
513 2420 669 2490 prohibitus,
682 2438 768 2491 quum
785 2423 919 2493 reliquum
937 2440 1007 2478 exer·

82 2489 167 2544 citum
180 2490 307 2560 subsequi
318 2489 447 2560 crederet,
457 2490 571 2545 dubium
583 2498 640 2544 est:
660 2490 708 2545 sed
721 2500 795 2545 certe
807 2492 879 2546 clam
891 2491 1011 2548 dimissis

82 2576 131 2630 per
141 2577 219 2631 agros
230 2560 345 2630 nunciis,
355 2559 406 2614 sibi
418 2577 555 2631 quemque
567 2560 706 2615 consulere
718 2560 813 2632 jussit:
826 2578 944 2632 quorum
950 2579 1011 2634 pars

112 2727 121 2756 ¹
131 2724 179 2773 See
190 2740 214 2773 v.
225 2728 249 2783 3,
260 2726 294 2774 vi.
305 2728 342 2774 33.

112 2796 320 2849 {instrumentum
330 2798 398 2855 here,
411 2798 525 2854 mosten,
537 2799 582 2848 has
593 2815 608 2848 a
618 2799 746 2849 collective
757 2799 881 2862 meaning,
893 2801 1011 2864 denotiug

84 2855 117 2906 all
128 2857 285 2916 implements
296 2857 325 2905 of
332 2872 397 2914 war;
411 2873 439 2906 so
450 2858 502 2906 that
513 2858 531 2906 it
543 2858 564 2907 is
575 2859 617 2908 the
628 2875 696 2908 same
707 2875 734 2908 as
744 2869 876 2923 apparatus
887 2863 1010 2911 mddcris.

86 2915 207 2977 Compare
218 2931 242 2964 v.
254 2919 292 2974 31,
304 2924 362 2964 note
373 2919 396 2963 2.

113 2988 214 3054 'Ipsum
225 2990 326 3052 effugere
337 2997 452 3047 mortem
469 2988 540 3038 these
556 2991 638 3040 words
656 2991 790 3040 constitute
806 2992 848 3041 the
865 2993 963 3054 subject
980 2992 1008 3043 of

84 3048 128 3098 the
139 3049 230 3106 clause,
244 3048 291 3097 and
306 3065 407 3110 ntcgnae
416 3049 536 3118 fortunae
544 3052 600 3119 scit
617 3067 657 3099 ere
674 3050 716 3100 the
733 3051 870 3112 predicate:
891 3053 948 3102 ‘tlre
964 3053 1009 3102 cir·

85 3118 234 3228 puropistlanpe,
245 3107 273 3157 of
286 3108 326 3156 his
339 3109 488 3165 (Ambronr)
507 3124 624 3171 escaprng
639 3110 704 3160 alive
715 3127 766 3161 was
783 3127 798 3160 a
813 3112 882 3174 piace
899 3111 928 3161 of
940 3120 1009 3175 grem

102 3184 117 3216 o
169 3185 199 3217 ue
219 3205 225 3216 .

115 3240 173 3288 *Λᾶ
180 3244 328 3290 subeundum
338 3241 414 3290 refers
425 3251 451 3289 to
462 3241 505 3290 the
522 3241 632 3292 Romans
643 3244 720 3294 under
730 3245 837 3303 Basilus,
849 3247 907 3295 who
918 3245 1006 3308 sought

81 3297 126 3344 rho
141 3314 248 3367 enarum
267 3301 341 3349 while
358 3304 390 3348 ad
406 3303 532 3351 veodam
548 3302 624 3352 refers
640 3313 668 3352 to
679 3305 819 3363 Ambiorix,
832 3306 890 3355 who
904 3303 1007 3367 escaped

64 3352 133 3401 from
143 3356 213 3406 tlrerr
221 3361 382 3422 unerpected
392 3361 489 3412 attach.
