2146 3704
89 239 147 300 rlt
390 256 432 296 nn
453 254 551 297 nunno
571 255 708 297 amico.

86 384 154 436 rum,
168 367 266 419 Caesar
281 362 390 417 obsides
407 363 520 433 imperat
537 380 637 433 eosque
654 363 690 418 ad
708 370 811 417 certam
822 362 897 417 diem
911 361 1013 418 adduci

84 435 175 506 jubet:
195 435 246 488 nisi
258 433 296 486 ita
307 432 426 503 iecerint,
440 450 500 486 sese
512 433 583 486 bello
594 434 733 486 civitatem
749 441 953 503 persecuturum
964 431 1013 486 de-

86 513 223 558 monstrat.
259 503 309 556 Hie
326 503 361 556 ad
379 503 452 556 diem
466 502 597 572 adductis,
610 511 640 555 ut
651 503 836 572 imperaverat,
849 502 962 555 arbitros
972 503 1012 557 in·

85 583 126 627 ter
138 575 261 627 civitates
271 571 325 642 dat,
338 573 385 642 qui
397 571 474 625 litem
486 572 639 625 aestiment¹
649 588 818 642 poenamque
831 571 1003 625 constituant.

122 649 146 696 2.
171 644 221 696 His
240 641 369 695 conlectis
388 642 470 695 rebus
488 641 717 711 conventibusque
737 640 859 711 peractis,
878 640 906 694 in
925 640 1013 694 citeri-

84 729 160 767 orem
171 712 289 766 Galliam
300 711 440 764 revertitur
450 719 532 780 atque
543 709 606 764 inde
617 709 653 764 ad
664 711 813 764 exercitum
825 709 1013 780 proficiscitur»

86 783 127 836 Eo
141 799 227 853 quum
239 781 365 851 venisset,
378 781 496 834 circuitis
512 780 638 834 omnibus
655 778 781 848 hibernis,
794 779 923 848 singulari
941 779 1014 835 mili·

84 860 143 906 tum
167 851 262 920 studio,
283 851 310 903 in
334 866 442 903 summa
463 851 586 904 omnium
608 862 698 904 rerum
720 848 818 918 inopia,
839 849 947 907 circiter
965 866 1012 904 nc.

84 920 144 991 ejus
162 921 276 990 generis,
294 916 383 989 cujus’
399 934 480 988 supra
496 918 748 988 demonstravimus,
767 935 853 972 naves
870 927 898 972 et
918 919 1013 986 longae

83 1006 185 1044 xxvrrr.
197 989 299 1042 invenit
316 989 466 1057 instructas,
483 1005 573 1058 neque
589 989 708 1043 multum
724 989 821 1042 abesse
838 988 873 1042 ab
891 1005 932 1058 eo,
945 988 1012 1058 quin

82 1059 177 1129 paucis
187 1059 285 1112 diebus
296 1056 406 1111 deduci⁸
413 1065 530 1128 possent.
562 1058 725 1112 Collaudatis
736 1058 867 1112 militibus
874 1067 958 1128 atque
966 1058 1010 1129 iis,

82 1129 129 1199 qui
141 1129 247 1198 negotio
259 1127 436 1198 praefuerant,
449 1127 514 1197 quid
526 1127 585 1181 fieri
597 1128 671 1198 velit,
684 1128 800 1180 ostendit
813 1136 896 1197 atque
914 1143 1012 1183 omnes

82 1198 117 1251 ad
135 1210 241 1269 portum
258 1197 349 1251 Itium⁴
362 1198 505 1250 convenire
521 1197 606 1277 jubet,
618 1214 672 1267 quo
683 1215 718 1251 ex
729 1205 806 1268 portu
824 1196 1011 1250 commodissi-

81 1284 158 1321 mum
182 1267 209 1320 in
233 1267 397 1320 Britanniam
420 1275 609 1320 transmissum
629 1283 690 1319 esee
710 1275 879 1336 cognoverat,
900 1266 1011 1322 circiter

81 1337 187 1390 milium
199 1353 328 1407 passuum
341 1353 405 1390 xxx.
418 1353 435 1388 a
446 1336 600 1389 continenti.
635 1336 707 1389 Huic
724 1337 774 1388 rei³
784 1335 856 1405 quod
868 1337 936 1389 satis
947 1351 1010 1390 eoae

81 1407 171 1460 visum
192 1415 233 1459 est
257 1406 375 1459 militum
394 1405 515 1474 reliquit:
541 1405 599 1475 ipse
622 1421 686 1460 curn
706 1404 856 1474 legionibus
874 1405 1010 1476 erpfflitis

82 1484 162 1529 1v.et
180 1476 316 1547 equitibus
334 1492 412 1529 nccc.
426 1475 460 1533 in.
471 1475 539 1529 fines
553 1475 724 1530 Trevirorum
741 1475 923 1545 proficiscitur,
935 1474 1019 1544 quod*

80 1543 109 1598 hi
122 1546 256 1615 nequead
268 1545 383 1599 concilia
393 1545 546 1614 veniebant,
558 1562 648 1614 neque
667 1545 779 1614 imperio
795 1543 926 1615 parebant
942 1546 1009 1599 Ger·

79 1631 160 1668 mano
194 1633 228 1669 ue
241 1615 446 1669 transrhenanos
458 1614 600 1668 sollicitare
611 1613 779 1668 dicebantur.

115 1689 139 1738 3.
191 1701 242 1738 aec
264 1685 361 1738 civitas
382 1684 461 1753 longe
484 1683 632 1764 plurimum
654 1684 737 1737 totius
756 1682 861 1737 Galliae
885 1683 1008 1753 equitatu

80 1753 153 1808 valet
164 1770 331 1824 magnasque
344 1753 425 1807 babet
437 1769 528 1824 copias
539 1753 670 1823 pediturn,
683 1753 870 1822 Rhenumque,
883 1764 913 1806 ut
926 1769 1008 1824 supra

80 1820 341 1893 demonstravimus·
361 1823 454 1892 tangit.
490 1824 522 1876 In
542 1839 576 1876 ea
596 1823 705 1876 civitate
724 1823 778 1876 duo
797 1822 832 1875 de
856 1823 1007 1893 principatu

80 1891 149 1945 inter
160 1910 190 1945 se
202 1892 407 1961 contendebant,
421 1891 618 1946 Indutiomarus
634 1900 662 1946 et
676 1892 842 1961 Cingetorix:
862 1892 1007 1961 exquibus

79 1960 155 2029 alter,
169 1961 252 2014 simul
263 1970 345 2030 atque
358 1961 392 2013 de
405 1962 526 2013 Caesarie
537 1961 727 2031 legionumque
738 1961 856 2015 adventu
868 1963 1007 2030 cognitum

79 2039 129 2101 est,
142 2029 254 2083 adeum
266 2030 354 2083 venit·
373 2047 403 2082 se
416 2046 532 2098 suosque
543 2047 639 2083 omnes
657 2031 684 2084 in
701 2031 790 2084 officio
802 2031 906 2084 futuros
917 2047 1006 2102 neque

78 2099 115 2153 ab
132 2099 254 2152 amicitia
273 2098 364 2168 popui
383 2099 496 2152 Romani
516 2098 669 2153 defecturos
688 2100 861 2169 confirmavit,
881 2117 1007 2171 quaeque

79 2167 106 2221 in
121 2167 239 2221 Treviris
254 2175 416 2240 gererentur,
429 2168 552 2222 ostendit.
588 2171 625 2223 lt
642 2169 838 2224 Indutiomarus
855 2170 1007 2238 equitatum

79 2236 283 2307 peditatumque
303 2253 408 2309 cogere,
421 2236 515 2308 iisque,
528 2238 575 2309 qui
594 2254 643 2309 per
660 2247 779 2292 aetatem
796 2239 824 2291 in
842 2239 926 2292 armis
945 2255 1007 2294 esee

78 2322 131 2360 non
154 2315 284 2379 poterant,
305 2307 333 2361 in
356 2308 454 2361 silvam
476 2307 661 2363 Arduennam·
680 2307 787 2379 abditis,
809 2325 881 2378 quae
904 2308 1007 2379 ingenti

106 2521 203 2572 ²Litem
217 2524 351 2581 certiorare,
364 2532 390 2572 tc
400 2521 472 2572 velue
482 2521 525 2572 the
541 2522 612 2572 durna
629 2538 657 2572 es
673 2523 755 2572 which
770 2523 812 2572 the
829 2523 942 2573 Pirustae
958 2522 1007 2574 had

76 2579 139 2630 done
151 2592 176 2631 tu
187 2582 229 2631 the
240 2583 362 2643 province.
393 2581 438 2650 Lis¹
450 2582 524 2651 isnot
535 2580 593 2642 only
603 2539 645 2630 tbe
657 2581 720 2640 trial,
732 2583 776 2631 but
787 2583 839 2631 alec
854 2583 958 2652 denotes
974 2582 1007 2633 dt

76 2639 119 2688 the
130 2657 251 2701 expenses
262 2642 397 2690 connected
408 2641 467 2690 with
479 2651 506 2699 rt,
519 2641 567 2691 and
577 2641 619 2690 the
630 2641 692 2705 fines
703 2641 756 2690 that
767 2657 823 2704 may
833 2643 865 2691 be
876 2640 1001 2703 mposod·

105 2714 115 2743 ¹
125 2712 243 2773 Namely,
254 2715 351 2776 generis
362 2731 444 2762 noca.

105 2785 244 2856 'Deducere
254 2788 275 2836 is
284 2789 326 2836 the
334 2787 456 2837 technicul
464 2797 527 2838 term
533 2789 562 2838 of
568 2789 678 2852 drawing
684 2790 726 2839 the
733 2788 802 2851 ships
808 2789 870 2840 t‘rcm
877 2789 919 2839 the
928 2789 1006 2840 bench

76 2844 151 2895 down
161 2855 213 2894 mto
224 2846 266 2894 the
277 2858 369 2905 water;
387 2846 464 2896 hence
478 2852 519 2896 ‘to
529 2848 635 2897 launch!
669 2848 790 2910 Compare
801 2849 871 2910 chap.
882 2853 1005 2907 1‚110rc³.

105 2917 180 2968 ‘The
191 2927 246 2979 port
256 2918 320 2969 Itius
331 2935 382 2968 was
393 2920 472 2969 either
482 2921 524 2971 the
534 2921 637 2971 modern
644 2922 808 2972 Ambleteuse
819 2938 846 2971 or
855 2922 948 2980 Calais,
959 2922 1007 2973 and

76 2987 128 3046 not,
146 2994 173 3028 as
190 2992 259 3028 some
275 2993 390 3047 suppose,
404 2978 522 3041 Wisean;
542 2981 596 3030 that
611 2981 642 3040 is,
654 2981 790 3032 wit-saud.
822 2981 870 3032 See
888 2981 1007 3035 Classical

76 3038 200 3096 Murcum,
213 3037 262 3087 vol.
275 3054 307 3087 ιν.
319 3054 342 3098 ρ.
354 3041 409 3096 277,
423 3038 472 3088 dcc.

105 3116 192 3167 'Huic
201 3117 250 3174 reir
267 3114 375 3177 namely,
388 3117 553 3168 tmmmisaui.

105 3189 172 3237 ⁸See
183 3188 208 3237 ii.
219 3191 259 3246 et,
272 3187 306 3237 iii.
320 3192 356 3238 11,
548 3199 550 3203 ’

105 3261 181 3310 ’The
191 3262 267 3311 forest
277 3262 356 3311 called
367 3263 503 3312 Arduenna
512 3262 634 3312 extendsd
644 3263 706 3313 from
717 3264 759 3314 the
768 3274 876 3314 western
885 3265 965 3314 banks
975 3260 1004 3313 of

66 3318 205 3368 thethhe
213 3319 325 3370 usurae
336 3321 378 3371 the
388 3322 491 3409 mouths
499 3321 577 3372 nithe
586 3321 676 3373 Mense
685 3324 857 3376 andficheldo.
882 3323 1004 3387 commo
