2146 3704
377 155 389 184 ,.
427 122 622 180 „vr-‚ussa
658 151 686 183 μ
955 103 997 184 42

68 233 157 305 vipiha
168 240 277 303 castra,⁸
287 246 430 305 moturum,
449 240 479 286 ut
495 249 578 303 quam
593 232 713 303 primum.
730 230 879 300 intelligere
897 247 975 302 posse

67 313 157 371 utrum
170 301 244 374 apud
254 318 301 370 eos
312 300 396 372 pudor
407 310 488 372 atque
500 301 630 372 officium,
640 319 675 355 an
688 301 767 355 timor
776 301 888 355 valeret.
919 303 962 361 Qu

66 373 242 444 sipraeterea
254 388 332 425 nemo
342 379 476 444 sequatur,
487 380 578 425 tamen
588 390 617 425 se
630 389 694 425 cum
707 370 764 424 sola
775 368 884 424 decima
892 370 998 440 legione

67 441 226 513 iturum,de
239 458 293 512 qua
311 458 361 496 non
377 441 519 510 dubitaret,
533 441 637 511 sibique
656 458 718 494 eam
730 440 890 510 praetoriam
908 441 1000 496 cohor·

68 512 135 583 tent¹
147 512 276 566 futuram.
286 572 288 577 1
299 511 382 582 ‘'linic
394 511 493 580 legioni
503 511 602 565 Caesar
614 520 641 565 et
653 509 800 564 indulserat
814 509 1000 582 praecipuast

66 591 175 657 propter
187 581 315 651 virtutem
328 581 480 646 confidebat
492 580 621 653 maanus.
987 580 993 646 ᾗ

103 658 148 707 41.
167 649 232 719 Hac
243 649 361 704 oratione
379 646 471 704 habita
488 651 587 704 mirum
606 651 634 704 in
651 648 762 706 modum
780 665 926 703 conversae
938 657 1000 707 sunt

69 716 314 795 omnium'ment'es,
325 737 486 794 summaque
495 720 620 788 alacritas
632 729 659 774 et
669 719 802 791 cupiditas
814 719 880 774 belli
888 719 1001 793 gerendi

71 790 163 846 inuata
174 800 217 844 est
224 806 232 860 3
249 791 429 912 princepsque
446 788 554 847 decima
565 789 636 862 legio
648 808 696 860 per
708 789 828 845 tribunos
844 788 963 844 militum
975 790 1001 845 si

68 861 172 932 gratias
183 861 245 930 egit,
253 859 325 930 quod
357 877 415 913 ese
427 859 558 930 optimum
569 859 703 932 judicium
714 859 812 914 fecisse
842 877 926 930 seque
939 867 1001 914 esse

71 922 106 984 ad
118 926 223 984 bellum
236 927 386 999 gerendum
398 930 596 999 paratissimam
613 930 788 985 confirmavit.
867 928 929 984 inde
941 930 1001 1001 relij·

70 1017 143 1071 quae
163 1000 284 1070 legiones
307 1016 371 1066 curn
393 1000 507 1069 tribunis
526 1001 643 1056 militum
664 1009 692 1055 et
712 1000 859 1072 primorum
871 999 1003 1055 ordinum

71 1069 272 1135 centurionibus
287 1071 467 1139 egeruntfyuti
479 1071 588 1125 Caesari
605 1072 807 1126 satisfacerent:
826 1087 857 1123 se
874 1087 926 1124 nec
943 1087 1002 1125 um·

72 1157 156 1210 quam
168 1135 307 1194 dubitasse
319 1156 408 1208 neque
427 1139 549 1197 timuisse
566 1157 656 1210 neque
669 1141 703 1195 de
715 1157 824 1195 summa
835 1138 911 1194 belli'
921 1147 1003 1196 suum

70 1206 211 1280 judicium,
225 1208 273 1272 sed
286 1207 451 1279 imperatoris
459 1227 520 1264 esse
529 1211 733 1278 existirnavisse.
773 1211 874 1266 Eorum
882 1210 1004 1278 satisfac·

73 1280 145 1343 tione
156 1288 270 1350 accepta
281 1288 310 1333 et
321 1279 417 1332 itinere
425 1277 557 1348 exquisito
572 1297 620 1349 per
631 1280 803 1350 Divitiacum,
813 1280 884 1348 quod
897 1297 933 1333 ex
944 1280 1005 1336 aliis

73 1350 100 1414 si
111 1350 260 1418 maximam
268 1347 351 1404 fidem
361 1349 487 1418 habebat,
500 1350 539 1402 ut⁴
551 1349 659 1407 milium
676 1350 793 1419 amplius
811 1349 1005 1418 quinquaginta

73 1419 189 1474 circuitu
209 1419 275 1472 locis
291 1419 390 1490 apertis
408 1419 558 1486 exercitum
575 1417 694 1489 duceret,
708 1419 743 1473 de
754 1428 849 1488 quarta
861 1417 960 1488 vigilia,
973 1425 1005 1472 ut

72 1490 187 1560 (luerat,
200 1487 335 1560 profectus
355 1496 405 1542 est.
442 1485 561 1559 Septimo
579 1486 632 1558 die,
651 1505 716 1542 cum
735 1488 785 1542 iter
803 1505 855 1541 non
875 1487 1004 1547 intenuit·

76 1568 151 1629 teret,
170 1560 206 1614 ab
224 1557 434 1629 exploratoribus
453 1559 549 1612 certior
568 1557 656 1612 factus
674 1568 716 1612 est
733 1556 860 1612 Ariovisti
880 1557 971 1630 cupias
984 1573 1006 1626 ,a

72 1629 172 1695 nostris
183 1627 294 1691 milibus
305 1645 435 1698 passuum
448 1645 487 1682 ιν.
501 1638 527 1681 et
543 1646 588 1682 xx.
601 1628 708 1682 abesse.
862 1648 865 1650 ·

108 1704 155 1764 42.
174 1698 285 1768 Cognito
304 1699 427 1752 Caesaris
449 1697 568 1752 adventu
588 1698 738 1752 Ariovistus
762 1695 771 1751 l
825 1705 866 1750 tos
885 1696 920 1750 ad
940 1713 1006 1757 eum

76 1769 173 1825 mittit:
194 1769 266 1839 quod
284 1777 366 1821 antea
384 1767 419 1821 de
439 1764 569 1838 colloquio
590 1767 760 1839 postulasset,
784 1769 792 1820 i
831 1785 879 1838 per
895 1785 927 1821 ‘se
947 1767 1007 1834 fiersi

74 1839 160 1911 liceri,
182 1839 311 1909 qnoniam
330 1837 440 1907 propius
458 1839 634 1908 accessisset,
660 1856 744 1909 seque
764 1838 790 1892 id
811 1839 868 1892 sine
887 1838 1006 1908 periculo

77 1908 169 1964 facere
183 1925 268 1984 ¹posse
287 1907 453 1961 existimare.
494 1909 555 1962 Non
577 1908 677 1979 respuit
697 1907 877 1964 conditionem
897 1909 983 1962 Caesa

72 1978 189 2050 jamque
208 1995 273 2032 eum
290 1977 325 2030 ad
343 1978 486 2032 sanitatem
505 1979 602 2041 reverti
620 1979 805 2048 arbitrabatur,
818 1996 881 2032 curn
895 1978 970 2050 id‚qu

40 2107 44 2119 ,
77 2057 160 2104 antea
180 2047 283 2118 petenti
301 2047 470 2118 denegasset,
492 2048 560 2101 ultro
581 2049 758 2119 polliceretur,
777 2065 959 2118 magnamque
979 2046 1007 2102 in

74 2136 157 2190 ,spem
169 2117 295 2174 veniebat
307 2134 353 2187 pro
366 2118 422 2170 sois
434 2117 515 2171 tantis
527 2119 671 2188 populique
683 2119 800 2172 Romani
808 2118 836 2170 in
847 2135 912 2171 eum
924 2118 1007 2178 bene-

78 2190 161 2259 liciis,¹
177 2188 289 2256 cognitis
309 2187 365 2240 suis
384 2187 529 2257 postulatis,
553 2188 608 2240 sore
628 2189 667 2241 uti
687 2188 834 2258 pertinacia
856 2187 1006 2240 desisteret.

79 2259 146 2313 Dies
156 2257 288 2328 colloquio
296 2257 384 2310 dictus
393 2266 442 2327 est,
453 2275 486 2310 ex
496 2263 528 2309 eo
537 2257 580 2310 die
589 2258 707 2327 quintus.
726 2257 837 2310 Interim
849 2274 930 2327 saepe
939 2257 1008 2310 ultro

79 2329 200 2398 citroque
218 2345 283 2382 eum
300 2327 381 2396 legati
400 2327 468 2380 inter
486 2344 533 2380 eos
550 2329 726 2396 mitterentur,
746 2326 896 2381 Ariovistus
918 2335 1008 2397 postu·

80 2399 153 2468 lavit,
163 2416 197 2451 ne
204 2415 287 2468 quem
292 2397 416 2520 <peditem
425 2396 460 2448 ad
468 2397 630 2465 colloquium
640 2397 738 2448 Caesar
747 2395 908 2448 adduceret:
921 2395 1009 2448 vereri

80 2484 120 2541 se,
132 2485 168 2523 ue
180 2484 228 2539 per
240 2467 291 2520 insi
311 2467 352 2519 ias
368 2467 404 2520 ab
416 2483 449 2518 eo
461 2465 713 2519 circumveniretur:
733 2472 846 2533 uterquc
857 2481 922 2519 cum
933 2465 1009 2536 equi·

112 2664 121 2692 ¹
132 2660 188 2709 The
197 2661 319 2723 praetoria
329 2662 407 2707 colors
419 2657 440 2706 is
451 2656 493 2705 the
505 2654 627 2706 cohortos
639 2655 680 2704 the
691 2665 788 2716 praetor
798 2671 825 2705 or
835 2655 1007 2716 commendem

82 2721 177 2776 thetis,
189 2719 228 2768 his
240 2718 402 2780 body-guard.

110 2789 198 2842 'Thst
209 2794 240 2850 is,
253 2792 313 2852 they
323 2791 371 2839 had
381 2807 396 2840 a
406 2790 514 2850 meeting
525 2788 586 2837 with
601 2788 665 2838 their
675 2789 785 2838 tribunes
800 2790 848 2839 arrd
858 2791 1007 2848 centurione,

82 2853 200 2904 inwhich
211 2853 270 2913 they
281 2850 466 2906 desiredthem,
480 2849 530 2897 duc.
994 2866 996 2868 ·

111 2927 228 2976 'Somnia
238 2926 302 2982 betti,
314 2924 357 2972 the
368 2923 466 2985 general
478 2931 650 2983 management
661 2922 690 2971 os
701 2921 743 2970 the
754 2938 812 2971 war.

111 3001 121 3031 ⁴
131 3000 187 3049 The
199 3009 226 3049 at
237 3000 259 3048 is
270 2997 407 3059 dependent
418 3013 483 3056 upon
495 2999 611 3057 exquisito
622 2998 715 3052 itinere,
728 2994 764 3044 sor
773 2994 805 3058 he
816 2995 865 3044 hod
875 3003 929 3043 sent
941 2993 1008 3044 Divi·

82 3060 162 3109 tiacus
178 3069 204 3108 to
219 3058 270 3108 find
280 3067 323 3107 out
334 3057 416 3106 arcad
427 3059 460 3118 by
470 3056 551 3105 which
562 3055 593 3105 he
604 3056 682 3116 might
698 3054 772 3103 avoid
784 3055 826 3102 the
843 3055 945 3112 forests;
962 3055 1011 3105 aud

81 3118 257 3241 ifitfgmffllgpnd
272 3118 325 3167 that
340 3117 372 3166 he
388 3125 454 3166 must
470 3116 543 3165 make
560 3133 574 3164 a
589 3116 751 3164 round-about
764 3129 818 3175 vray
829 3113 857 3163 nl
869 3129 935 3164 more
950 3113 1011 3187 than

173 3255 187 3299 5
542 3253 557 3288 Ε
