2146 3704
74 237 133 299 118
374 253 417 296 nn
437 254 535 296 annio
556 252 692 297 eurico.

71 373 144 418 retur
168 373 195 418 et
224 381 282 418 rem
304 364 507 418 frumentariam
530 363 679 433 provideret
708 377 833 432 quaeque
857 359 886 415 in
908 359 995 419 Gallia

69 444 231 504 gererentur,
245 444 417 504 cognosceret
435 433 630 502 consiliumque
649 448 696 503 pro
714 441 835 502 tempore
854 439 882 484 et
893 449 939 502 pro
957 432 995 487 re¹

70 512 187 573 caperet,
201 505 259 573 ipse
277 521 341 557 curn
358 505 477 574 quinque
496 502 647 571 legionibus
663 511 692 554 et
715 502 772 571 pari
790 518 903 554 numero
921 502 995 571 equi·

71 581 137 643 turn,
146 590 228 643 quern
241 576 267 627 in
281 573 426 627 continenti
439 570 614 642 relinquebat,
623 571 686 624 solis
697 587 796 624 occasu
804 587 890 623 naves
902 571 995 626 solvit:

70 651 98 696 et
118 643 171 696 leni
192 643 292 697 Africo¹
311 651 461 713 provectus,
482 641 574 695 inedia
592 641 697 694 circiter
717 649 795 693 nocte
815 648 895 693 vento
916 642 998 694 inter·

71 712 161 781 misso,
175 729 283 766 cursum
301 729 355 766 non
373 712 466 782 tenuit,
479 720 507 764 et
519 711 623 780 longius
639 710 745 763 delatus
756 717 842 779 aestu,
856 710 996 783 ertaldus,

71 782 122 835 sub
147 782 253 835 sinistra
275 781 450 835 Britanniam¹
472 781 593 834 relictam
619 779 765 849 conspexit.
802 779 874 832 Tum
905 797 999 837 rursus

71 860 163 904 aestus
179 851 427 905 commutationem⁴
438 858 554 919 secutus,
568 851 650 903 remis
661 848 797 902 contendit
815 856 845 901 ut
863 866 926 902 earn
938 867 997 919 par·

72 929 129 973 tem
146 921 251 973 insulae
270 928 452 990 caperetque
471 919 603 989 optimum
623 935 684 972 esse
702 935 841 986 egressum
860 920 998 988 superiore

70 998 174 1042 aestate
185 996 353 1057 cognoverat.
390 989 450 1047 Qua
468 989 494 1041 in
509 1005 535 1040 re
553 989 702 1043 admodum
713 987 763 1040 suit
773 987 891 1041 militurn
904 988 998 1042 virtus⁰

70 1057 213 1126 laudanda,
225 1059 272 1128 qui
291 1059 415 1112 vectoriis
431 1058 612 1128 gravibusque
631 1057 753 1126 navigiis,
772 1074 824 1110 non
842 1057 997 1112 intermisso

70 1128 219 1196 remigandi
242 1128 340 1198 labore,
364 1127 503 1196 longarum
531 1128 642 1182 navium
670 1143 779 1181 cursum
802 1125 997 1196 adaequarunt.
1024 1176 1027 1187 ,

70 1199 221 1251 Accessum
245 1207 286 1251 est
308 1199 343 1251 ad
367 1198 532 1252 Britanniam
561 1197 687 1250 omnibus
709 1195 825 1249 navibus
847 1198 997 1252 meridiano

68 1264 128 1320 sere
148 1276 282 1336 tempore:
313 1279 401 1336 neque
425 1267 453 1319 in
475 1283 507 1319 eo
531 1266 588 1319 loco
612 1265 696 1319 hostis
719 1274 761 1319 est
784 1265 865 1335 visus,
890 1267 948 1337 sed,
967 1275 998 1322 ut

70 1344 164 1404 postea
183 1337 282 1389 Caesar
304 1353 339 1389 ex
362 1336 476 1405 captivis
495 1335 632 1405 comperit,
654 1352 740 1405 quurn
762 1352 878 1403 magnae
898 1354 999 1391 uranus

71 1421 104 1458 eo
121 1407 318 1475 convenissent,
330 1405 504 1460 multitudine
524 1406 636 1458 navium
655 1406 811 1474 perterritae
830 1406 912 1476 (quae
932 1424 997 1462 cum

70 1476 214 1532 armotinis⁸
236 1476 407 1546 privatisque,
432 1492 500 1546 quas
522 1475 564 1529 sui
587 1475 701 1544 quisque
724 1475 861 1528 commodi
884 1475 995 1547 fecerat,

71 1545 187 1614 amplius
204 1562 283 1599 nece.
296 1562 349 1599 uno
367 1554 443 1598 erant
461 1546 535 1598 visae
554 1544 714 1615 temporale
726 1543 803 1598 litore
815 1543 996 1599 discesserant

70 1630 103 1667 ao
115 1615 186 1679 sein
197 1616 332 1684 superiora
341 1614 399 1668 loca
410 1614 577 1668 abdiderant.

107 1687 131 1736 9.
150 1685 255 1753 Caesar,
268 1686 387 1754 exposito
408 1684 526 1737 exercitu
547 1693 574 1737 et
594 1683 652 1736 loco
672 1683 766 1736 castris
791 1682 887 1736 idoneo
908 1692 995 1756 capto,

70 1752 118 1807 ubi
141 1769 176 1807 ex
199 1753 312 1823 captivis
336 1754 467 1823 cognovit,
486 1753 584 1823 quoin
607 1752 665 1805 loco
685 1752 803 1806 hostium
821 1770 852 1805 co
874 1753 916 1805 iae
934 1770 996 1808 con·

71 1821 211 1893 sedissent,
233 1822 386 1876 cohortibus
405 1841 432 1878 x.
451 1823 486 1876 ad
506 1839 581 1876 mare
602 1822 702 1875 relictis
722 1831 749 1875 et
769 1771 906 1892 equitibus
926 1840 994 1894 ccc,

70 1891 118 1959 qui
137 1892 269 1970 praesidio
287 1892 402 1945 navibus
419 1900 516 1959 esseut,
530 1892 565 1944 de
578 1892 655 1945 tertia
667 1892 757 1960 vigilia
774 1893 809 1945 ad
823 1892 915 1944 hostes
931 1909 995 1946 oon·

71 1958 164 2028 tendit,
178 1976 210 2012 eo
228 1962 318 2013 minus
330 1961 431 2013 veritus
449 1961 571 2027 navibus,
585 1960 656 2030 quod
676 1961 703 2014 in
721 1961 797 2014 litore
816 1961 900 2015 molli⁷
911 1970 994 2031 atque

70 2036 161 2096 aperto
180 2027 313 2096 deligatas
330 2028 366 2081 ad
383 2045 509 2082 ancoram
526 2028 700 2100 relinquebat,
720 2039 747 2084 et
770 2031 904 2100 praesidio
921 2030 994 2085 irari·

70 2096 127 2152 bus.
141 2097 174 2155 Q.
186 2097 292 2150 Atrium
313 2097 450 2167 praefecit.
486 2098 547 2168 lpse
568 2108 648 2152 noctu
668 2117 823 2169 progressus
842 2100 918 2154 milia
934 2117 995 2170 pas·

70 2183 151 2219 suuni
168 2166 273 2219 circiter
284 2183 335 2220 xri.
348 2166 467 2220 hostiurn
485 2167 576 2237 copias
594 2170 763 2238 conspicatus
774 2178 824 2222 est.
860 2170 903 2223 Illi
920 2169 995 2239 equi-

70 2241 127 2288 tatu
144 2243 227 2305 atque
247 2236 352 2290 essedis
374 2236 409 2289 ad
429 2237 543 2290 flumen⁸
561 2239 699 2308 progressi,
721 2256 756 2292 ex
778 2239 836 2292 loco
859 2240 995 2310 superiore

100 2389 107 2417 ¹
118 2387 184 2438 That
195 2389 225 2446 is,
240 2390 386 2451 ‘according
396 2399 422 2438 tc
433 2390 492 2438 time
504 2389 552 2438 and
562 2390 771 2440 circumstances!

98 2459 218 2531 'Africae
232 2462 256 2532 is
273 2462 387 2570 plroperly
404 2463 445 2511 the
462 2463 528 2511 wind
546 2462 599 2511 that
616 2463 695 2511 blows
711 2463 774 2513 from
790 2464 884 2522 Africa,
902 2467 947 2515 but
962 2466 994 2517 its

69 2530 140 2569 exact
151 2531 219 2582 point
230 2530 275 2586 int
294 2538 308 2570 e
319 2538 431 2582 compass
442 2532 509 2571 must
520 2522 583 2571 hare
595 2524 659 2570 been
669 2523 740 2571 north
751 2523 780 2572 ol
786 2525 945 2578 south÷wesn

69 2594 175 2701 Thean?
189 2595 256 2655 point
267 2594 296 2644 of
308 2595 403 2644 Britain
420 2595 478 2645 here
495 2595 593 2645 nlluded
609 2605 697 2644 towns
713 2597 832 2658 probably
842 2598 884 2647 tlie
902 2598 948 2648 isle
964 2597 993 2649 of

87 2727 107 2793 ᾖ
116 2725 172 2773 The
183 2726 276 2788 change
288 2727 316 2775 ns
329 2727 378 2776 tide
395 2728 453 2776 here
469 2728 611 2777 mentioned
626 2738 693 2778 must
704 2729 767 2779 hare
778 2731 843 2779 been
853 2729 896 2779 the
908 2731 992 2794 begin·

68 2797 127 2842 nmg
138 2785 166 2832 of
172 2783 214 2831 the
225 2786 273 2833 rise
283 2786 311 2832 of
318 2786 359 2833 tlre
371 2796 455 2835 water.

98 2856 108 2883 ⁶
122 2853 207 2905 Virtus
218 2856 277 2905 here
288 2859 309 2906 is
323 2863 443 2920 ‘coniage
454 2859 501 2908 end
512 2862 706 2920 perseveram!

97 2929 257 2979 ‘Anaeticus
269 2931 289 2978 is
301 2931 353 2979 that
362 2931 443 2980 which
454 2932 570 2985 hasbeen
581 2934 857 2994 accomplishedwithin
866 2935 909 2985 the
921 2927 993 2996 space

67 2989 97 3038 ol
108 3004 155 3038 one
167 3004 233 3057 year,
246 2988 294 3037 and
304 2991 469 3053 accordingly,
482 2991 550 3051 here,
561 2993 605 3048 the
617 2994 686 3054 ships
702 2995 765 3044 built
776 2995 801 3042 in
811 2994 854 3044 the
865 3010 952 3044 course
964 2994 993 3044 ot‘

67 3049 110 3098 the
121 3047 253 3109 preceding
264 3064 329 3109 year.

72 3159 74 3163 ,
97 3123 189 3171 'Litus
205 3125 275 3191 molle
288 3123 309 3192 is
320 3138 335 3170 a
345 3123 414 3185 gentl
442 3140 470 3173 or
481 3125 609 3186 gradually
619 3125 716 3187 sloping
731 3135 808 3184 coast,
821 3126 868 3175 and
884 3126 992 3188 opposed

67 3188 94 3228 to
104 3197 119 3229 a
129 3190 196 3229 coest
208 3192 342 3244 consisting
353 3182 382 3231 ol
389 3183 405 3232 li
457 3200 485 3234 or
495 3184 576 3233 rocks.
736 3227 740 3232 .

96 3255 106 3282 ¹
117 3253 173 3303 The
183 3255 248 3304 river
258 3255 317 3304 here
328 3257 470 3309 mentioned
480 3273 561 3308 seems
569 3266 599 3315 ¹to
610 3257 673 3309 here
685 3260 750 3310 been
759 3259 801 3310 the
812 3258 897 3317 Stour,
909 3273 989 3310 some·

69 3309 134 3359 what
143 3312 227 3378 ,below
240 3314 405 3378 Genterbury.
