2146 3704
59 220 103 289 fid
364 240 406 280 na
428 241 526 283 aaran
546 240 684 283 eunuco.

59 355 118 401 rent
136 355 163 400 et
180 346 297 420 desuper
314 349 503 404 vulnerarent.¹
538 351 607 414 Cum
626 349 743 405 hostium
760 349 834 405 acies
850 367 868 404 a
885 350 990 405 sinistro

59 433 142 470 comu
160 417 239 488 pulsa
256 427 338 488 atque
356 419 384 472 in
401 421 495 489 fugam
513 436 642 474 conversa
660 429 740 492 esset,
760 438 778 474 a
794 420 889 474 dextro
906 438 990 476 comu

58 486 237 541 vehementer
254 488 426 543 multitudine
451 507 560 544 suorum
578 500 696 544 nostram
713 491 801 544 aciem
820 491 989 561 premebant.

59 556 91 615 td
121 574 185 612 curn
213 559 446 614 animadvertisset
476 560 589 615 Publius
613 561 726 614 Crassus
751 560 918 632 adolescens,
943 556 990 631 qui

59 627 192 697 equitatui
211 638 341 700 praeerat,
360 629 432 700 quod
450 629 599 701 expeditior
619 638 685 699 erat,
704 647 786 701 quam
806 630 842 710 hi,
855 631 903 700 qui
922 630 991 686 inter

58 697 148 779 aciem
157 700 339 770 versabantur,
350 700 457 754 tertiam
465 700 554 754 aciem
565 699 748 754 laborantibus
760 709 857 754 nostrrs
869 699 990 754 subsidio

59 778 142 822 mrsrt.

94 843 137 892 ⁵3.
155 839 197 892 Ita
208 838 339 910 proelium
351 839 507 893 restitutum
525 847 574 909 est,
587 847 670 910 atque
689 855 784 893 omnes
803 837 896 893 hostes
915 847 990 909 terga

57 917 195 962 verterunt
213 924 303 978 neque
326 909 402 978 prins
426 908 521 977 lugere
546 908 713 980 destiterunt,
733 925 816 980 quam
832 908 867 962 ad
886 909 990 964 flumen

57 977 185 1032 Rhenum
209 977 285 1032 milia
304 994 435 1049 passuum
456 995 491 1032 err
510 994 543 1031 eo
564 978 622 1031 loco
646 979 752 1032 circiter
772 978 988 1052 [quinquaginta]

56 1056 245 1118 pervenerunt.
282 1047 323 1102 Ibi
334 1049 463 1118 perpauci
474 1056 521 1103 aut
532 1048 635 1103 viribus
652 1049 745 1103 confisi
764 1057 868 1102 tranare
880 1059 989 1104 conten·
1027 1070 1053 1080 ··

57 1117 162 1187 derunt,
175 1127 222 1171 aut
234 1116 357 1172 lintribus
369 1117 486 1172 inventis
504 1118 555 1173 sibi
573 1118 690 1172 salutem
702 1126 866 1189 repererunt.
902 1119 933 1172 ln
945 1119 989 1174 his
1014 1118 1017 1128 “
1040 1153 1043 1162 -

56 1187 108 1243 tuit
120 1188 277 1254 Ariovistus,
290 1187 337 1257 qui
356 1187 509 1242 naviculam
527 1188 674 1257 deligatam
686 1188 721 1242 ad
733 1189 820 1258 ripam
839 1198 934 1242 nactus
953 1206 988 1243 ea
1013 1217 1031 1244 ,κ

56 1259 189 1329 profugit:
209 1258 433 1327 reliquosomnes
450 1259 572 1328 equitatu
590 1259 728 1312 consecuti
744 1258 827 1312 nostri
845 1257 987 1312 interfece-

56 1339 124 1382 runt.
161 1329 239 1382 Duae
262 1329 370 1381 suerunt
394 1328 521 1381 Ariovisti
544 1328 660 1392 uxores,¹
679 1345 733 1381 una
756 1327 845 1382 Sueva
869 1329 985 1401 natione,

55 1414 138 1468 quam
163 1398 244 1451 domo
270 1415 365 1451 secum
390 1397 511 1468 duxerat,
530 1398 616 1451 altera
632 1399 738 1469 Norica,
759 1398 830 1466 regis
847 1399 985 1452 Vnctionis

55 1484 134 1539 soror,
148 1485 231 1539 quam
243 1468 270 1520 in
282 1468 371 1522 Gallia
382 1467 495 1521 duxerat
507 1485 523 1520 a
536 1467 616 1521 fratre
628 1468 756 1521 missam:
775 1478 888 1536 utraque
906 1468 934 1521 in
953 1485 987 1522 ea

54 1536 120 1607 fuga
131 1539 275 1610 perierunt.
312 1539 388 1591 Duae
400 1537 473 1591 filiae
486 1539 589 1608 harum,
603 1538 688 1591 altera
699 1539 796 1606 occisa,
809 1537 894 1590 altera
906 1547 987 1609 capta

54 1618 106 1663 est.
151 1609 232 1662 Caius
251 1608 377 1662 Valerius
400 1608 536 1677 Procillus,
561 1625 625 1662 curn
648 1624 666 1660 a
689 1608 847 1662 custodibus
870 1608 897 1660 in
920 1607 987 1677 fuga

53 1678 131 1732 trinis
150 1678 254 1732 catenis
273 1678 379 1731 vinctus
398 1677 553 1748 traheretur,
574 1678 599 1731 in
621 1678 710 1748 ipsum
730 1679 873 1731 Caesarem
894 1677 987 1732 hostes

53 1748 177 1818 equitatu
201 1757 411 1819 persequentem
435 1748 537 1802 incidit.
582 1747 659 1807 Quae
679 1747 793 1817 quidem
812 1763 856 1801 res
876 1747 986 1800 Caesari

53 1835 106 1872 non
127 1818 266 1888 minorem,
288 1835 371 1888 quam
395 1819 453 1888 ipsa
473 1817 585 1871 victorie
603 1818 770 1887 voluptatem
793 1817 890 1898 attulit,
911 1816 985 1886 quod

53 1885 191 1942 hominem
204 1888 426 1941 honestissimum
438 1888 591 1957 provinciae
603 1887 715 1957 Galliae,
729 1905 810 1941 suurn
822 1887 985 1941 familiarem

53 1964 81 2011 et
104 1956 248 2026 hospitem,
273 1965 397 2035 ereptum
421 1973 437 2009 e
460 1957 587 2011 manibus
612 1957 731 2011 hostiurn
755 1957 805 2011 sibi
829 1958 984 2012 restitutum

52 2026 170 2095 videbat,
189 2042 278 2096 neque
302 2043 362 2095 eJus
385 2027 540 2080 calamitate
563 2026 598 2080 de
622 2036 696 2080 tanta
713 2027 850 2098 voluptate
874 2036 901 2080 et
924 2044 984 2096 gra-

53 2095 180 2152 tulatione
192 2097 340 2166 quicquam
358 2095 463 2149 fortuna
480 2096 658 2150 deminuerat.
694 2097 769 2150 Isse
786 2105 929 2168 praesente
947 2097 983 2150 tle

52 2182 83 2221 ee
103 2175 144 2220 ter
164 2165 279 2219 sortibus
299 2165 451 2220 consultum
471 2165 588 2237 dicebat,
606 2175 696 2220 utrum
717 2167 772 2235 igni
793 2167 883 2220 statim
902 2182 983 2220 neca·

52 2244 132 2306 retur,
145 2253 180 2288 arr
200 2236 226 2289 in
243 2235 316 2290 aliud
335 2245 442 2306 tempus
460 2245 652 2290 reservaretur:
673 2239 784 2290 sortium
801 2235 934 2291 beneficio
953 2253 983 2290 se

52 2320 114 2429 epdse
126 2305 299 2360 incolumem.
335 2307 406 2360 Item
424 2305 536 2360 Marcus
553 2307 669 2361 Mettius
680 2316 801 2377 repertus
819 2306 899 2360 etad
918 2322 984 2360 eum

52 2391 65 2429 r
102 2384 242 2430 nctusest.

87 2449 129 2499 54.
149 2446 207 2499 Hoc
218 2445 318 2517 proelio
331 2453 404 2500 trans
420 2444 546 2500 Rhenum
563 2445 684 2499 nuntiato
703 2444 792 2516 Saevi,
804 2445 851 2517 qui
864 2445 898 2498 ad
911 2445 985 2517 ripas

52 2514 140 2570 Rheni
158 2525 294 2586 venerant,
314 2516 427 2570 domum
446 2516 543 2569 reverti
562 2524 723 2585 coeperunt3
748 2533 816 2585 qnos
835 2515 916 2584 Ubii,'
936 2515 985 2587 qui

52 2586 168 2655 proximi
179 2586 305 2642 Rhenum
324 2586 450 2657 incolunt,
464 2584 515 2658 [ut]
534 2586 686 2656 perterritos
704 2593 852 2655 senserunt,
867 2586 985 2641 insecuti

52 2671 184 2726 magnum
204 2673 239 2710 ex
257 2655 300 2710 his
321 2672 466 2710 numerum
489 2655 652 2709 occiderunt.
688 2655 787 2708 Caesar
806 2672 861 2709 una
878 2662 985 2709 aestate

83 2829 92 2858 ¹
103 2827 221 2889 Namely,
237 2828 375 2879 Cererem.

84 2916 160 2965 'The
172 2915 294 2964 Germens
304 2915 500 2977 generallywere
509 2925 552 2964 not
560 2915 729 2978 polygamists,
740 2918 784 2965 but
795 2916 858 2966 their
868 2916 947 2967 chiess
958 2933 987 2967 or

56 2975 142 3087 rpppeliqs
150 2975 301 3086 (qqprnetilnsres
318 2976 389 3024 made
405 2992 436 3024 an
451 2975 589 3036 exception,
602 2976 650 3026 and
660 2976 709 3025 had
719 2985 770 3025 two
780 2992 808 3026 or
818 2993 885 3027 more
897 2978 984 3027 wives.

86 3125 161 3173 ''l'he
177 3123 240 3181 Ubii,
253 3123 310 3172 who
320 3123 445 3172 inhabited
461 3123 503 3171 the
519 3122 584 3184 right
600 3122 667 3170 bank
682 3120 711 3169 of
725 3122 767 3170 the
785 3122 875 3179 Rhine‚
888 3139 955 3172 were
970 3139 987 3172 a

58 3183 168 3234 German
185 3185 257 3241 tribe,
276 3186 319 3232 but
338 3199 427 3244 appear
442 3192 468 3231 tc
486 3183 548 3232 have
567 3183 631 3230 been
646 3196 713 3241 more
732 3182 845 3232 civiliaed
863 3183 924 3231 than
942 3183 987 3230 the

50 3244 151 3361 233,
157 3244 287 3353 ppbqppdm
303 3243 363 3305 they
374 3258 443 3315 were⁴
455 3242 554 3300 hostile,
572 3243 616 3290 but
632 3243 665 3302 by
676 3240 760 3291 whom
775 3241 835 3304 they
846 3256 912 3292 were
927 3241 986 3292 ulti·
