2146 3704
478 118 573 160 arnan
592 116 620 160 ν.
953 104 1008 164 tat

78 224 203 280 Materia
223 225 355 296 cujusque
378 227 485 294 generis
509 235 537 280 ut
556 229 584 280 in
604 225 694 280 Gallia
717 235 766 297 est,
791 235 897 299 praeter
916 229 1009 300 fagum

76 303 165 365 atque
190 295 319 348 abietem.
356 296 488 365 Leporem
508 305 535 349 et
555 297 685 365 gallinam
704 305 731 349 et
752 313 877 352 anserem
899 311 1008 367 gustaro

77 363 122 418 fas
134 380 189 418 non
202 374 312 435 putant;
332 365 400 419 haec
413 374 504 418 tanuen
517 366 592 418 alunt
604 366 687 418 animi
700 367 898 446 voluptatisque
916 385 1008 423 eausa.

78 433 161 557 labaala)¹
183 442 246 486 sunt
267 435 454 505 temperatiora
475 452 558 504 qnam
580 436 607 488 in
627 435 723 505 Gallia,
746 436 943 490 remissioribus
964 438 1008 492 trt-

95 519 135 556 orr
157 521 200 557 us.

76 521 96 573 g
117 578 158 626 1³.
178 572 270 626 Insula
288 581 383 626 natura
403 574 537 643 triquetra,
558 573 638 644 eujus
657 591 743 628 unum
762 575 834 629 latus
854 583 896 628 est
915 584 1008 630 eontra

78 642 209 696 Galliam.
247 641 334 712 Hujus
352 643 444 695 lateris
463 644 531 699 alter
550 643 673 714 angrrlus,
687 645 733 714 qui
752 655 793 698 est
810 645 846 698 ad
862 646 1008 716 Carrtium,¹

78 728 131 782 quo
151 712 210 765 fere
231 728 327 764 omnes
347 729 382 765 ex
400 713 490 766 Gallia
510 731 595 766 naves
614 714 793 785 appelluntur,
814 715 850 768 ad
873 716 1007 770 orientem

78 781 175 852 solem,
189 780 297 835 inferior
309 781 344 834 ad
357 782 499 836 meridiem
511 791 624 852 spectat.
661 784 719 837 Hoc
731 784 802 837 latus
814 794 889 838 teuet
899 785 1007 840 ciroiter

78 851 154 906 milia
166 868 304 922 passuum
322 868 349 904 u.
386 851 511 905 Alterum
522 855 607 921 vergit
619 852 653 905 ad
667 854 825 924 Hispaniam
841 863 923 925 atque
935 857 1005 909 occi·

77 919 192 974 dentem
210 921 304 990 solem,
318 937 371 988 qua
390 938 424 974 ex
441 930 516 991 parte
535 931 577 975 est
594 922 731 993 Hibemia‚
744 924 855 977 dimidio
867 925 961 995 minor,
974 933 1005 980 ut

77 990 245 1060 aestimatur,
271 1007 354 1058 quarn
378 990 529 1060 Britannia;
559 991 608 1044 sed
631 993 690 1062 pari
719 995 807 1062 spatio
831 996 1005 1049 transmissus

77 1067 159 1129 atque
172 1076 208 1113 ex
219 1059 308 1113 Gallia
324 1068 367 1112 est
386 1060 413 1112 in
431 1061 605 1114 Britanniam.
642 1062 673 1115 ln
691 1060 742 1115 hoo
760 1063 851 1116 medio
869 1080 949 1118 cursu
961 1072 1004 1118 est

77 1129 172 1200 insula,
187 1146 256 1199 quae
267 1147 285 1182 a
305 1128 420 1200 pellatur
432 1132 514 1183 Mona
521 1134 540 1200 3⁸
557 1131 710 1201 complures
727 1142 867 1202 praeterea
883 1135 1004 1188 minores

76 1197 201 1269 objectae
225 1147 330 1252 insuiae
354 1201 558 1268 existimantur;
584 1200 620 1253 de
644 1201 741 1270 quibus
765 1202 859 1256 insulis
881 1203 1003 1257 nonnulli

76 1269 241 1339 scripserunt
271 1268 332 1321 dies
355 1270 496 1321 continuos
519 1287 583 1322 xxx.
608 1271 659 1322 sub
679 1271 785 1323 bruma‘
802 1287 864 1324 esse
883 1281 1003 1326 noctem,

75 1337 132 1392 Nos
149 1337 218 1391 nihil
237 1308 272 1392 tie
291 1355 323 1391 eo
343 1337 606 1407 percunctationibus
624 1338 832 1408 reperiebamus,
852 1340 904 1392 nisi
922 1341 1002 1395 certis

74 1424 109 1461 ex
120 1411 203 1477 aqua⁶
215 1409 348 1462 mensuris
364 1407 499 1459 breviores
518 1423 579 1459 esse
597 1424 681 1475 quam
698 1408 725 1459 in
742 1408 890 1461 continenti
907 1417 1002 1464 noctes

75 1477 246 1532 videbamus.
293 1477 381 1546 Hujus
410 1485 451 1529 est
481 1475 617 1545 longitudo
643 1476 742 1545 lateris,
767 1485 797 1529 ut
821 1477 872 1531 lert
895 1478 1002 1534 illorum

73 1547 171 1618 opinio,
185 1564 247 1600 pcc.
267 1547 382 1600 milium.
418 1547 542 1599 Tertium
559 1553 601 1598 est
620 1555 711 1599 eontra
728 1548 942 1618 septemtriones,
956 1549 1002 1602 cui

73 1616 141 1686 parti
154 1615 230 1670 nulla
242 1625 283 1670 est
295 1616 401 1686 objecta
414 1624 500 1684 terra;
519 1615 567 1668 sed
581 1616 639 1685 ejus
652 1615 766 1684 angulus
778 1616 869 1671 lateris
881 1618 1001 1670 maxime

73 1686 106 1739 ad
120 1687 297 1740 Germaniam
311 1694 430 1756 spectat:
450 1685 513 1739 huie
531 1685 607 1738 milia
625 1703 755 1755 passuum
772 1702 851 1740 accc.
871 1687 899 1740 in
917 1686 1000 1756 longi-

73 1755 197 1810 tudinem
215 1773 276 1810 esso
295 1757 472 1809 existimatur.
509 1757 550 1809 lta
567 1756 657 1809 omnis
674 1755 761 1808 irrsula
779 1764 821 1810 est
839 1757 866 1810 in
885 1757 1000 1812 circuitu

73 1825 158 1879 vicies
171 1834 281 1879 centum
293 1825 400 1879 milium
412 1843 551 1895 passuum.

109 1895 404 1949 montanianum
422 1894 500 1964 longe
520 1907 582 1949 sunt
600 1895 797 1966 humanissimi,
811 1897 858 1967 qui
871 1897 998 1951 Cantium

72 1963 199 2034 incolunt,
238 1982 290 2017 uae
311 1965 382 2032 regio
404 1974 445 2018 est
465 1966 602 2018 niaritima
624 1967 719 2035 omnis,
739 1983 828 2034 neque
847 1967 963 2020 multum
981 1983 1000 2019 a

72 2033 176 2087 Gallica
188 1981 316 2087 diiierunt
329 2035 532 2088 consuetudine.
569 2034 710 2088 Interiores
728 2035 849 2105 plerique
863 2036 999 2090 frumenta

71 2119 123 2157 non
143 2112 244 2173 serunt,
259 2104 306 2156 sed
320 2103 390 2156 lacte
404 2112 431 2157 et
443 2119 524 2156 earne
537 2105 629 2156 vivunt
641 2103 811 2172 pellibusque
823 2114 885 2158 sunt
897 2105 997 2158 vestiti.

71 2172 172 2227 Omnes
184 2190 247 2226 vero
260 2190 290 2225 se
303 2173 420 2226 Britanni
434 2173 510 2226 vitro⁶
522 2173 650 2242 inficiunt,
662 2172 732 2242 quod
746 2172 901 2225 caeruleum
913 2175 998 2227 efficit

96 2325 187 2383 ιῙικα,
201 2326 250 2374 lilre
261 2345 303 2375 aer
313 2326 360 2375 and
370 2329 465 2381 melam,
479 2341 536 2386 may
547 2328 578 2374 be
589 2325 705 2374 rendered
717 2326 750 2384 by
764 2324 891 2402 ‘olimpte‘

96 2400 107 2428 ²
118 2399 233 2448 Cantium
243 2400 264 2448 is
275 2399 316 2447 the
328 2399 430 2447 modern
440 2399 515 2445 Kent.

95 2474 203 2531 'Mona
216 2474 346 2535 according
356 2483 382 2522 to
393 2488 470 2528 soma,
483 2473 505 2520 is
516 2472 558 2520 the
570 2471 619 2520 lsle
629 2471 658 2518 os
671 2471 746 2528 Man;
764 2471 811 2519 and
827 2469 956 2531 according
971 2479 998 2519 to

68 2535 161 2591 others,
175 2534 311 2593 Anglesey.

97 2607 207 2655 ‘Bruma
218 2607 239 2654 is
250 2607 292 2654 the
304 2607 392 2653 winter
402 2605 510 2661 solstiee,
523 2604 570 2653 and
581 2605 602 2652 is
612 2604 716 2664 perhaps
727 2619 743 2652 a
752 2603 901 2653 contractiori
913 2604 996 2653 albre-

69 2667 188 2722 oisrama;
208 2666 314 2726 namely,
327 2667 386 2713 dies.

95 2740 173 2788 ‘The
188 2758 313 2788 memoras
329 2758 355 2787 aa
371 2757 433 2800 aqua
452 2755 492 2787 are
511 2749 705 2787 measurements
724 2739 794 2788 made
813 2740 846 2800 by
865 2756 949 2788 means
968 2739 996 2788 of

69 2810 159 2856 water3
177 2799 230 2846 that
249 2800 279 2853 is,
297 2800 329 2858 by
347 2815 431 2847 means
449 2797 478 2845 of
495 2815 510 2845 a
527 2799 662 2859 clepsydra.
680 2815 707 2846 or
723 2815 754 2847 an
771 2799 910 2860 haur-gloss
929 2798 997 2847 tillcd

70 2858 129 2906 with
141 2869 224 2906 water.
257 2858 339 2918 Every
350 2874 395 2906 one
413 2858 463 2905 will
481 2873 524 2905 see
539 2858 595 2905 that
614 2859 674 2906 both
691 2858 733 2905 the
750 2859 895 2916 description
912 2857 940 2904 ol
954 2856 996 2904 tho

69 2918 185 3024 aiftugtion
196 2917 224 2965 ol
236 2916 338 2974 Britain,
351 2917 437 2964 andos
449 2917 481 2964 its
497 2926 590 2974 extent,
604 2918 624 2964 is
640 2933 771 2965 erroneous
788 2918 812 2964 in
828 2917 877 2963 this
893 2925 996 2963 account

69 2991 83 3022 o
134 2992 211 3024 aesar.

97 3047 218 3096 ‘Vitram
235 3048 256 3096 is
274 3048 316 3096 the
333 3048 392 3097 herb
409 3046 488 3103 woad,
500 3049 562 3097 used
577 3048 614 3096 for
624 3047 714 3107 dyeing
724 3063 738 3095 a
749 3047 805 3094 blue
817 3045 907 3094 colour.
939 3045 996 3096 Tho

70 3106 179 3155 ancient·
196 3107 248 3155 also
259 3107 337 3156 called
352 3108 371 3155 it
406 3109 501 3164 lostam,
515 3107 562 3156 and
572 3107 673 3155 modern
689 3106 808 3154 botanists
825 3105 871 3154 call
890 3106 908 3154 it
925 3107 996 3157 isatis

72 3168 182 3214 tinctorio
222 3166 246 3216 It
257 3181 338 3215 seems
350 3175 375 3213 to
386 3125 448 3214 fiere
464 3167 587 3224 produced
597 3182 611 3214 a
622 3165 736 3227 greenish
751 3179 779 3214 or
792 3165 889 3214 blueish
904 3166 998 3217 colour.

156 3241 183 3283 11
459 3257 460 3261 ¹
526 3254 545 3282 r.
