2146 3704
84 221 142 284 184
252 251 256 257 ·
386 243 426 282 nu
448 242 545 282 suano
566 241 703 289 canarno.
726 236 733 249 “

82 350 177 421 reliqui
196 367 226 404 se
244 353 272 404 in
288 358 376 405 eastra
396 352 534 422 recipiunt,
546 352 618 405 unde
634 359 709 405 erant
725 349 838 419 egressi:
858 352 1002 424 exquibus

81 420 111 473 L.
124 421 287 476 Petrosidius
306 421 438 490 aquilifer,
458 438 542 490 quum
566 439 664 490 magna
688 420 861 475 multitudine
884 422 1002 480 hostium

101 500 252 562 temeretur,
273 491 392 560 aquilam
411 492 480 543 intra
499 489 599 543 vallum
621 490 739 560 projecit,
761 490 819 560 ipse
840 509 886 560 pro
907 496 1002 547 eastris

80 506 224 614 lhrtissime
241 578 364 632 pugnans
381 560 519 614 occiditur.
554 560 605 613 Illi¹
624 577 704 628 aegre
721 559 756 613 ad
774 568 883 613 noctem
901 577 1001 633 oppug-

79 632 215 685 nationem
228 633 374 685 sustinent:
394 641 471 684 noctu
491 629 526 682 ad
542 647 627 683 unum
637 646 739 699 omnes,
753 627 894 700 desperata
906 632 1000 703 salute,

80 718 109 754 se
122 702 173 770 ipsi
186 701 356 755 interficiunt.
392 701 475 753 Pauci
492 717 527 753 ex
564 700 644 752 roelio
663 699 756 768 elapsi,
776 697 885 752 incertis
902 699 1001 755 itineri-

78 769 130 823 bus
141 766 282 840 per'silvas
294 770 328 822 ad
341 770 373 822 T.
386 769 534 823 Labienum
544 718 667 837 legatum
679 770 707 821 in
718 768 829 822 hiberna
839 772 1001 839 perveniunt

77 848 160 908 atque
172 858 236 893 eum
247 840 281 892 de
294 838 374 891 rebus
385 839 468 906 gestis
480 839 622 891 certiorem
634 838 743 891 faciunt.

113 915 155 963 38.
173 911 232 962 Hac
250 908 361 963 victoria
385 906 507 960 sublatus
527 907 666 962 Ambiorix
685 909 775 961 statim
794 925 859 962 curn
878 910 1001 980 equitatu

77 980 104 1032 in
116 979 280 1048 Aduatucos,
294 978 341 1046 qui
360 984 434 1030 arant
453 975 512 1046 ejus
527 994 607 1046 regno
619 978 733 1047 finitimi,
745 977 935 1050 proficiscitur,
953 997 999 1034 na·

76 1064 130 1115 que
142 1056 248 1101 noctem
261 1056 350 1116 neque'
361 1047 435 1100 diem
449 1047 600 1100 intermittit
611 1047 815 1118 peditatumque
828 1066 857 1101 se
869 1048 952 1102 subse
971 1049 999 1104 ui

74 1115 159 1198 jubet.
195 1119 234 1170 Re
252 1117 434 1171 demonstrata
451 1115 654 1184 Aduatucisque
672 1118 819 1187 concitatis,
832 1129 939 1189 postero
975 1119 999 1173 'e

76 1205 104 1240 tn
117 1188 230 1240 Nervios
241 1187 362 1257 pervenit
381 1185 560 1254 hortaturque,
579 1201 614 1237 ne
633 1186 675 1239 sui
693 1186 720 1239 in
737 1193 900 1257 perpetuum
922 1188 999 1243 liber·

74 1256 137 1310 andi
149 1266 231 1325 atque
243 1255 391 1309 ulciscendi
410 1257 544 1309 Romanos
563 1271 609 1324 pro
628 1254 670 1324 iis,
691 1272 759 1325 quas
777 1259 939 1328 acceperint,
958 1259 998 1313 in·

74 1325 149 1396 juriis
174 1326 343 1379 occasionem
368 1323 520 1377 dimittant:
551 1322 706 1377 interfectos
731 1342 792 1378 esse
817 1326 923 1396 legatos
944 1330 997 1385 duo

74 1412 254 1465 magnamque
267 1403 370 1464 partem
383 1395 517 1446 exercitus
529 1393 649 1447 interisse
662 1392 842 1465 demonstrat,
855 1397 924 1451 nihil
936 1416 997 1455 esse

73 1466 182 1535 negotii,
196 1465 284 1519 subito
304 1481 459 1533 oppressam
478 1462 619 1532 legionem,
633 1480 703 1534 quae
720 1480 783 1518 curn
796 1467 923 1521 Cicerone
942 1468 996 1523 hie·

73 1545 139 1605 met,
152 1535 265 1589 interfici
273 1535 291 1603 5²
303 1552 332 1593 se
344 1533 378 1586 ad
395 1550 458 1586 earn
477 1550 535 1586 rem
553 1534 690 1603 profitetur
707 1533 867 1604 adjutorem.
904 1537 996 1593 Facile

73 1603 125 1657 hac
137 1604 254 1658 oratione
266 1604 373 1658 Nerviis
385 1601 537 1683 persuadet.
841 1657 844 1665 ,

109 1679 151 1747 39.
169 1674 263 1743 Itaque
284 1673 426 1726 confestim
445 1672 563 1725 dimissis
579 1672 685 1726 nunciis
701 1673 736 1726 ad
755 1673 911 1747 Ceutrones,
930 1678 995 1732 Gru·

73 1742 139 1814 dios,
152 1744 279 1811 Levacos,
293 1741 471 1810 Pleumouios,
485 1741 642 1810 Geidunos,¹
656 1741 702 1811 qui
720 1759 815 1796 omnes
832 1744 884 1798 sub
903 1764 995 1803 eorum

72 1813 184 1883 imperio
203 1821 272 1881 sunt,
293 1829 374 1881 quam
395 1811 529 1864 maximas
546 1828 644 1864 manus
662 1821 780 1882 possunt,
797 1823 896 1882 cogunt
915 1825 943 1870 et
960 1816 995 1871 da

71 1882 216 1950 improviso
235 1881 270 1935 ad
291 1881 424 1935 Ciceronis
447 1880 560 1933 hiberna
583 1880 715 1951 advolant,
736 1883 856 1936 nondum
876 1884 911 1938 ad
931 1902 994 1941 eum

72 1950 146 2002 sarna
166 1951 201 2002 de
221 1950 318 2003 Titurii
335 1957 421 2001 morte
441 1948 552 2026 perlata.
588 1949 660 2002 Huic
680 1967 786 2030 quoque
804 1953 910 2024 accidit,
924 1953 994 2026 quod

72 2018 121 2072 luit
142 2035 262 2086 necesse,
282 2027 311 2070 ut
330 2016 449 2072 nonnulli
468 2017 577 2086 milites,
591 2019 637 2086 qui
656 2019 809 2088 lignationis
828 2025 994 2079 munitionis·

72 2105 124 2170 que
137 2104 220 2140 causa
231 2086 260 2139 in
272 2085 353 2140 silvas
365 2084 559 2154 discessissent,
579 2089 716 2157 repentino
734 2090 856 2160 equiturn
875 2092 993 2148 adventu

71 2157 301 2226 interciperentur.
326 2155 386 2208 'His
406 2154 604 2224 circumventis,
625 2174 724 2226 magna
744 2176 826 2215 manu
846 2161 992 2235 Eburones,

72 2226 171 2296 Nervii,
184 2225 319 2280 Aduatuci
336 2233 417 2293 atque
430 2221 525 2277 horum
537 2227 657 2281 omniurn
670 2228 735 2280 socii
749 2237 776 2282 et
787 2229 902 2285 clientes
914 2232 993 2303 legio·

71 2313 136 2350 nem
155 2312 309 2366 oppugnare
328 2292 472 2364 incipiunt:
492 2294 573 2347 nostri
593 2295 715 2348 celeriter
734 2297 769 2350 ad
790 2317 865 2353 anna
885 2318 993 2357 concur-

71 2375 139 2436 runt,
152 2366 255 2420 vallum
275 2363 464 2419 conscendunt.
501 2365 592 2432 Aegre
611 2364 636 2416 is
654 2364 712 2418 dies
730 2370 993 2443 sustentatur,⁴qnod

71 2451 182 2490 omnem
194 2453 272 2506 spem
284 2433 375 2488 hostes
387 2434 414 2488 in
426 2432 563 2486 celeritate
572 2434 713 2504 ponebant,
723 2448 805 2507 atque
815 2439 884 2494 hano
893 2443 994 2514 adepti‘

70 2506 210 2560 victoriam
222 2507 249 2558 in
262 2513 424 2575 perpetuum
436 2520 465 2556 se
479 2503 534 2555 lore
548 2503 662 2556 victores
674 2506 853 2563 confidebant.

99 2647 107 2673 ¹
119 2643 160 2693 llli
171 2660 210 2691 are
222 2643 293 2691 those
304 2641 361 2689 who
372 2640 420 2689 had
430 2640 505 2688 taken
515 2640 599 2701 refuge
610 2642 697 2690 within
708 2643 750 2692 the
761 2618 839 2705 camp.

98 2717 245 2778 'Legionem
256 2717 359 2776 interfici
368 2716 389 2762 is
400 2716 442 2762 the
453 2714 549 2782 subject
559 2715 588 2762 of
600 2714 642 2762 the
658 2726 782 2775 sentence,
796 2719 842 2767 and
859 2720 901 2769 the
914 2722 993 2771 words

69 2777 132 2824 nuit
148 2792 199 2823 ease
214 2777 305 2842 negaui
321 2789 361 2821 are
378 2773 420 2822 the
436 2773 575 2841 predicaret
594 2775 651 2822 ‘the
667 2777 762 2838 cutting
773 2787 798 2825 to
812 2779 895 2837 pisces
911 2781 940 2830 of
951 2780 992 2829 the

70 2833 159 2894 legion,
173 2833 204 2881 he
215 2832 275 2888 sard,
289 2848 340 2880 was
351 2848 366 2880 a
376 2840 465 2880 matter
475 2831 504 2879 of
511 2847 542 2879 no
553 2831 690 2895 difficulty!

99 2905 161 2953 'All
172 2905 214 2953 the
225 2905 300 2953 tribes
311 2903 369 2952 here
380 2903 537 2952 enumerated
549 2920 575 2952 as
587 2906 695 2966 subjecta
706 2922 734 2955 or
741 2907 828 2957 cliente
839 2909 868 2958 of
874 2911 917 2959 the
929 2909 992 2960 Ner·

68 2966 103 3015 vii
114 2981 153 3014 are
165 2974 207 3013 not
225 2963 365 3012 mentioned
376 2963 409 3031 by
420 2978 468 3031 any
479 2963 549 3010 other
560 2964 655 3012 ancient
668 2966 758 3024 writer,
772 2966 874 3018 whence
885 2969 904 3018 it
916 2970 937 3018 is
947 2969 992 3018 im·

69 3024 176 3088 possible
188 3034 213 3072 to
224 3038 269 3083 say
279 3021 346 3070 what
358 3021 466 3070 districts
477 3020 537 3081 they
548 3022 679 3072 inhabited.

97 3103 107 3131 ⁴
116 3101 181 3149 That
194 3099 225 3157 is,
237 3115 308 3161 aegre
318 3114 343 3146 eo
352 3098 392 3146 die
399 3098 486 3145 milites
497 3106 635 3145 sustentant
645 3101 747 3148 hostiam
758 3072 882 3162 impetrent.x

97 3174 182 3244 ‘fl'hat
200 3172 231 3229 is,
246 3174 270 3220 si
284 3175 344 3220 hane
359 3172 440 3233 adepti
456 3180 534 3240 essem
552 3171 691 3239 victoriam
713 3173 754 3221 the
771 3173 897 3282 participle
914 3177 993 3238 adepta

68 3232 208 3349 lpqqulgpp
214 3231 370 3339 1meaningof
376 3247 391 3280 a
401 3228 549 3281 condrnonal
559 3229 649 3278 clause.
677 3230 725 3280 See
734 3232 833 3294 Zumpt,
882 3243 899 3283 t.
911 3233 990 3284 Graar·
