2146 3704
62 252 104 330 ω
369 290 409 332 ΒΕ
431 289 528 331 13!th
548 286 687 330 eunuco.

61 395 168 451 denunt.
205 398 308 453 Eorum
319 398 389 454 fines
400 397 493 454 Nervii
510 397 693 468 stringebant5
710 413 825 468 qnorum
842 397 877 452 ds
894 405 992 457 nature

61 467 236 539 moribusque
255 469 355 523 Caesar
372 486 436 523 cum
458 477 609 538 quaereret,
630 468 670 521 sic
693 469 859 548 reperiebat:
884 469 991 526 nullum

57 536 166 592 ¹sditurn
178 540 249 592 esse¹
259 538 295 591 ad
308 556 355 592 coe
367 537 573 593 mercatoribus:
593 537 660 591 nihil
677 546 733 607 petr
745 538 802 592 vini
814 538 990 608 reliquarum·

61 624 116 679 que
128 625 218 662 rerum
237 608 272 661 sd
291 607 424 663 luxuriam
443 607 634 679 pertinentium
653 607 751 677 inferri,
764 609 837 678 quod
856 608 890 661 iis
909 610 991 665 rebus

58 674 267 749 'relanguescere
279 679 383 732 animos
395 695 488 732 eorum
499 685 528 749 et
540 677 639 731 remitti
650 678 776 731 virtutem
793 678 989 735 existimarent.

56 744 131 802 Esse
154 747 279 804 homines
301 748 374 802 feros
394 763 566 817 magnaeque
582 746 702 802 viuufis:
726 747 884 820 increpitare
907 757 990 821 etque

54 816 185 890 ‚brcusare
196 817 315 888 reliquos
333 817 438 889 Belgas,
451 818 503 887 qui·
518 832 549 870 se
566 817 666 888 populo
685 819 804 872 Romano
822 817 990 884 dedidissent

59 886 232 1010 patriamque
254 887 382 942 virtutem
404 885 594 959 projecissent:
624 887 793 942 confirmare²
813 905 875 943 sese
898 906 989 960 neque

54 954 57 959 ’
71 956 164 1026 egatus
176 957 305 1011 missuros
316 972 404 1027 neque
416 957 500 1011 ullam
511 956 693 1011 conditionem
740 958 781 1011 cis
791 966 959 1029 accepturos.

99 1032 138 1080 16.
158 1026 227 1081 Cum
282 1043 398 1081 reorum
416 1029 485 1082 fines
503 1027 622 1083 triduum
642 1028 692 1081 iter
715 1028 820 1098 coisset,
833 1029 988 1084 inveniebat

53 1104 96 1171 Jex
107 1097 233 1167 captivis·
278 1097 347 1152 bim‘
357 1098 460 1152 flumen
472 1096 508 1151 sb
518 1097 617 1151 castris
630 1097 688 1151 suis
701 1114 758 1151 non
776 1098 894 1169 emplius
911 1098 988 1155 milia

54 1180 189 1249 passuum
201 1185 228 1222 x.
238 1167 348 1221 abesse:
361 1176 435 1222 trans
446 1167 473 1220 id
485 1168 588 1221 flumen
599 1183 695 1221 omnes
705 1168 820 1222 Ner-rice
831 1169 987 1225 consedisse

51 1230 261 1309 adventumque
270 1238 308 1292 ibi
316 1238 496 1292 &manorum
508 1246 665 1308 exspectare
677 1254 732 1290 una
739 1254 804 1291 cunr
811 1238 987 1294 Atrebatibus

59 1312 87 1359 et
98 1305 303 1377 Vemmsuduis,
313 1308 436 1362 finitimis
447 1308 505 1362 suis
514 1308 590 1380 (narn
602 1308 647 1361 his
656 1307 777 1377 utrisque
789 1317 984 1380 percusserant,

58 1375 98 1430 uti
110 1376 227 1432 eandem
239 1377 306 1432 belli
317 1377 673 1451 fortunamexperirentnrh
692 1378 842 1447 exspectari
854 1378 939 1435 etism
950 1380 985 1434 cb

57 1442 102 1501 his
113 1445 316 1518 Aduatuconrm
329 1449 420 1519 copias
431 1456 513 1518 atque
531 1462 592 1501 esse
609 1449 637 1501 in
655 1446 765 1502 itinere:
785 1448 916 1503 mulieres
927 1449 984 1519 qui-

49 1522 111 1588 ssque
122 1534 171 1589 per
181 1525 301 1573 aetatem
312 1519 347 1572 ed
359 1536 478 1589 pugnarn
490 1518 599 1590 inutiles
607 1517 768 1588 viderentur,
779 1518 807 1572 in
817 1534 883 1572 eum
894 1518 985 1574 locum

56 1585 225 1659 conjecisse:
236 1604 288 1658 quo
300 1601 407 1660 propter
416 1588 531 1670 paludes
543 1588 671 1643 exercitui
682 1587 771 1640 editus
782 1605 836 1642 non
847 1596 929 1642 esset.

94 1661 134 1710 17.
153 1657 202 1711 His
226 1657 306 1712 rebus
325 1659 438 1728 cognitis
461 1657 641 1729 exploratores
663 1658 885 1728 centurionesque
907 1674 984 1728 prae·

46 1725 145 1799 mittit,
176 1727 205 1781 ui
216 1726 307 1782 locum
318 1729 446 1782 idoneum
463 1728 559 1782 castris
575 1727 706 1799 deligant.
742 1728 864 1798 Crinnque
883 1744 920 1782 ex
936 1729 983 1782 de·

49 1793 153 1851 diticiis
193 1797 260 1868 elgis
277 1798 441 1869 reliquisque
458 1797 545 1852 Gallis
564 1798 716 1868 complures
733 1799 879 1852 Caesarem
896 1799 982 1853 secuti

53 1878 108 1918 una
122 1867 171 1919 iter
182 1866 310 1990 facerenpi
323 1868 436 1938 quidam
453 1884 488 1922 ex
506 1867 555 1937 his,
567 1876 597 1920 ut
608 1875 703 1938 postea
714 1884 749 1922 ex
760 1868 875 1938 captivis
892 1868 982 1938 cogni-

53 1940 173 2006 tumeat,
187 1950 280 1989 eorum
310 1939 396 1990 iernm
415 1936 606 1991 consuetudine
625 1937 729 1991 itineris
745 1939 829 1991 nostri
847 1939 981 1993 exercitus

52 2013 202 2076 perspecta,
215 2013 294 2058 nocte
313 2006 347 2059 ad
368 2006 482 2061 Nervios
493 2015 673 2076 pervenerunt
690 2017 773 2077 etque
793 2007 836 2061 his
855 2007 980 2062 demons-

53 2081 154 2128 trenrnt
177 2074 247 2128 inter
270 2074 389 2199 singulas
411 2075 532 2146 legiones
561 2076 825 2145 impedimentorum⁰
847 2095 980 2146 magnum

51 2158 195 2198 numentm
204 2145 304 2200 interce
324 2162 377 2215 ere,
385 2162 474 2217 neque
483 2162 545 2200 esse
553 2147 812 2217 quicquamnegotii,
821 2163 885 2200 cum
893 2147 980 2217 prima

50 2211 122 2284 legio
140 2214 168 2268 in
184 2217 281 2271 castra'
297 2216 425 2286 venisset,
445 2217 617 2298 reliquaeque
635 2215 755 2289 legiones
771 2233 903 2285 magnum
919 2234 979 2287 spa·

43 2282 119 2353 ‘tium
136 2284 272 2356 abessent,
285 2285 356 2341 hanc
374 2287 425 2340 sub
442 2287 555 2351 sarcinis
572 2286 685 2340 adoriri:
704 2303 757 2356 que
775 2286 853 2356 pulsa
864 2287 979 2357 impedi·

48 2355 150 2425 ruentis
168 2371 209 2424 ue¹
232 2354 344 2428 direptis
366 2356 493 2426 summm,
516 2364 547 2410 nt
570 2354 689 2426 rehquse
718 2365 809 2410 contra
833 2357 978 2410 consistere

41 2437 103 2503 *non
120 2372 259 2480 auderent.
295 2425 450 2499 Adiuvabat
469 2426 553 2480 etiem
572 2440 664 2480 sonum
684 2425 833 2496 consilium,
852 2426 899 2497 qui
918 2443 978 2480 rem

38 2640 41 2645 ,
74 2576 163 2629 ¹Thct
174 2578 204 2640 is,
217 2586 267 2630 oron
277 2581 347 2632 licere
356 2582 425 2631 odire
433 2582 467 2631 ad
475 2596 515 2630 eor
525 2578 699 2630 mercatoribus.

40 2706 53 2717 ,y
73 2652 87 2683 ‘¹
96 2651 214 2716 Namely,
227 2672 278 2714 εστὶ
296 2655 333 2705 sor
343 2673 395 2706 scre
404 2656 507 2717 belongs
518 2657 669 2723 remissurus
685 2653 732 2704 eud
743 2663 885 2718 accepturos.

76 2726 134 2774 ¹As
145 2743 177 2776 no
187 2728 264 2776 battle
275 2728 324 2778 had
333 2730 397 2778 been
407 2729 502 2790 fought,
515 2728 586 2778 these
596 2730 687 2792 captivi
694 2728 814 2789 probably
822 2744 888 2778 were
899 2744 974 2779 cerm·

46 2792 88 2846 try
97 2787 183 2847 people
194 2787 278 2836 whom
290 2788 383 2837 Caesar
393 2788 441 2837 had
451 2789 528 2837 taken
537 2789 660 2849 prisoners
669 2805 703 2837 on
713 2788 752 2838 his
762 2788 855 2837 march.

46 2857 151 2967 Mtel'llglpe
171 2859 236 2910 river
253 2860 324 2911 Sabis
344 2861 366 2911 is
387 2860 429 2912 the
449 2862 550 2913 modern
571 2862 684 2922 Sucubuc,
706 2862 861 2949 antributari'
881 2861 914 2936 01'?
931 2863 974 2914 ¹1¹⁰

74 2993 85 3023 ⁸
94 2992 161 3043 Thst
172 2993 203 3052 is,
216 2992 276 3056 they
286 2993 335 3045 had
345 2977 447 3057 quietly
457 3010 485 3045 or
495 2994 620 3058 hnrriedly
630 2995 706 3046 taken
716 2978 744 3046 or
753 3005 809 3046 sent
819 2967 907 3049 them.

74 3067 260 3139 ‘Inpedimenta
271 3069 447 3154 comprehende
463 3069 590 3140 everythin
616 3069 672 3140 thet
683 3087 715 3120 en
724 3070 826 3181 armpis
837 3071 936 3135 obliged
946 3080 972 3120 to

45 3129 230 3189 csrrywrthrtr
246 3144 316 3178 some
331 3128 384 3181 thui
425 3145 490 3179 were
506 3146 547 3180 cer
614 3145 640 3179 in
654 3139 769 3186 cartncr
800 3130 908 3192 ymules
924 3131 972 3181 eud

45 3185 145 3246 horses;
168 3190 212 3238 but
230 3188 323 3246 others,
342 3205 387 3238 suc
423 3205 450 3238 es
469 3189 534 3246 lood,
552 3204 617 3237 were
636 3188 730 3251 carried
747 3191 763 3239 h
796 3190 839 3240 the
857 3189 969 3246 soldiers,

43 3245 110 3302 who,
123 3247 197 3297 when
214 3248 272 3298 thus
289 3249 462 3306 sucumbered,
480 3264 521 3298 are
537 3247 591 3298 seid
607 3258 633 3299 tc
651 3251 682 3298 be
698 3250 730 3299 im
775 3251 806 3299 iti
819 3265 848 3299 or
862 3268 913 3301 ease
927 3252 972 3300 rub

31 3307 150 3352 sarahe.
573 3340 575 3345 ·
725 3334 727 3339 ’

48 3368 179 3434 'Thetin
197 3386 225 3426 to
235 3379 282 3428 the
289 3381 367 3441 ploos
379 3382 467 3434 where
478 3382 523 3434 the
535 3399 608 3446 camp
618 3399 672 3434 was
681 3385 751 3434 tcbe
760 3382 872 3445 qitched.
