2146 3704
450 118 542 158 arcun
560 117 611 157 vn.
935 101 994 160 195

101 233 146 284 42.
165 227 237 282 Dum
249 225 319 280 haec
336 225 371 279 ad
384 208 546 296 Gergoviam
556 233 692 296 geruntur,
705 225 802 295 Aedui,
815 227 908 296 primis
925 245 995 282 uun·

69 299 117 354 ciis
128 298 165 351 ab
177 297 295 350 Litavico
312 297 439 367 acceptis,
453 296 559 349 nullum
576 295 626 349 sibi
644 294 679 347 ad
697 312 729 347 co
766 296 912 351 oscendum
932 315 992 368 spa·

68 370 138 424 tium
158 367 320 436 relinquunt.
355 366 473 445 Impellit
492 366 559 418 alios
576 365 696 435 avaritia,
716 365 784 418 aios
803 365 941 420 iracundia
964 377 992 422 et

68 438 215 505 temeritas,
232 452 301 505 quae
319 452 438 488 maxime
457 435 496 487 illi
515 434 654 489 hominum
669 436 771 502 generi¹
788 449 829 488 est
848 435 945 514 innata,
962 446 992 492 ut

67 505 159 562 levem
179 504 345 558 auditionem
362 504 479 557 habeant
499 522 546 575 pro
567 521 595 556 re
616 513 761 573 comperta.
798 505 872 558 Bona
891 522 992 560 crurum

67 579 249 633 Romanomm
267 575 400 644 diripiunt,
421 573 520 627 caedes
540 573 649 643 faciunt,
667 575 694 624 in
715 573 872 627 servitutem
891 575 992 629 abstra-

67 647 143 701 hunt.
181 644 300 713 Adjuvat
318 661 376 696 rem
393 642 577 713 proclinatam²
593 643 811 696 Conuictolitauis
827 643 992 714 plebemque

67 716 100 769 ad
123 717 239 768 furorem
258 713 295 765 im
315 713 379 783 ellit,
399 720 427 766 ut
445 712 562 765 facinore
579 712 704 780 admisse,
723 713 757 766 ad
777 715 930 767 sanitatem⁶
945 718 994 784 pu·'

67 785 131 839 deat
150 783 257 836 reverti.
328 781 479 836 .Aristium
497 782 633 835 tribunum
649 781 775 852 militurn,
792 782 842 836 iter
859 783 893 837 ad
912 777 993 852 legio}

67 871 133 908 nem
145 853 299 922 facientem,
313 851 375 905 data
387 851 440 905 fide
452 868 488 904 ex
498 851 594 921 oppido
606 851 753 904 Cabillono⁴
765 852 908 907 educunt:l
918 851 993 908 idem

68 925 159 978 secere
174 931 272 991 cogunt
285 939 338 990 eos,
354 922 399 990 qui
410 921 563 986 negotiandi
575 937 658 972 causa
669 921 708 973 ibi
719 921 901 976 constiterant.
937 923 994 976 Hos

68 993 194 1047 continuo
217 993 245 1044 in
268 991 362 1044 itinere
385 990 477 1059 adorti,
502 989 627 1042 omnibus
651 990 852 1058 impedimentis
875 1005 993 1062 exuunt,

68 1070 249 1133 repugnantes
267 1061 341 1113 diem
358 1069 519 1128 noctemque
537 1058 674 1127 obsident3
692 1059 785 1112 multis
802 1061 936 1130 utrimque
955 1065 994 1115 in·

69 1132 195 1201 terfectis,
209 1130 339 1200 majorem
350 1129 553 1183 multitudinem
564 1128 600 1180 ad
611 1145 687 1181 arma
699 1129 841 1182 concitant.

102 1205 146 1255 43.
165 1200 277 1253 Interim
294 1201 390 1252 nuncio
410 1199 497 1267 allato,
517 1216 612 1252 omnes
630 1215 723 1252 eorum
740 1199 843 1252 milites
861 1199 887 1253 in
905 1209 993 1271 potes·

69 1279 123 1325 tate
142 1271 265 1323 Caesaris
284 1269 376 1337 teneri,
395 1276 554 1320 concurrunt
578 1267 612 1320 ad
630 1269 776 1337 Aristium,
801 1268 868 1320 nihil
885 1270 993 1338 publico

68 1341 172 1394 iactum
191 1339 301 1391 consilio
319 1338 515 1405 demonstrant,
532 1337 717 1405 quaestionem
737 1336 771 1388 de
789 1336 867 1389 bonis
884 1339 994 1407 direptis

68 1410 218 1464 decernunt
228 1410 246 1477 3⁸
263 1407 378 1461 Litavici
396 1406 560 1474 fratmmque
581 1405 651 1456 bona
666 1404 818 1474 publicant,
839 1404 941 1472 legatos
958 1406 994 1459 ad

68 1480 215 1533 Caesarem
239 1477 280 1530 sui
298 1476 429 1545 purgandi
447 1475 531 1543 gratia
551 1475 668 1526 mittunt.
705 1474 779 1527 Haec
798 1474 900 1526 iaciunt
919 1492 994 1529 recu-

68 1547 248 1620 perandorum
261 1563 369 1598 suorum
381 1561 476 1598 causa:
496 1543 544 1597 sed
563 1543 735 1596 contaminati
748 1542 864 1596 facinore
879 1552 907 1596 et
923 1545 995 1615 cepti

68 1616 239 1686 compendi&
256 1633 291 1668 ex
308 1615 418 1684 direptis
436 1614 520 1683 bonis,
536 1613 607 1682 quod
627 1630 659 1664 ea
678 1614 730 1664 res⁸
746 1611 781 1664 ad
798 1613 897 1665 multos
915 1613 994 1684 perti·

68 1687 159 1756 nebat,
174 1693 201 1738 et
214 1685 309 1738 timore
326 1700 430 1753 poenae
442 1685 568 1752 exterriti,
582 1682 693 1735 consilia
705 1682 777 1734 clam
789 1681 824 1733 de
842 1681 913 1734 bello
927 1683 993 1736 inire

69 1756 200 1826 incipiunt
213 1755 390 1822 civitatesque
407 1752 523 1822 reliquas
540 1752 717 1821 legationibus
729 1751 881 1804 sollicitant.
918 1753 994 1812 Quae

69 1825 179 1879 tametsi
200 1825 298 1877 Caesar
317 1822 489 1893 intelligebat,
512 1831 610 1891 tamen,
631 1839 713 1891 quarn
734 1821 878 1874 mitissime
897 1829 993 1891 potest,

69 1894 174 1964 legatos
193 1893 326 1964 appellat:
352 1893 418 1946 nihil
438 1909 467 1945 se
488 1903 595 1963 propter
613 1891 781 1944 inscientiam
802 1892 995 1962 levitatemque

68 1964 142 2034 vulgi
160 1963 267 2032 gravius
285 1963 319 2020 de
339 1963 447 2016 civitate
464 1961 592 2032 judicare,
612 1979 701 2031 neque
719 1961 754 2014 de
772 1979 822 2015 sua
840 1961 868 2014 in
884 1962 996 2015 Aeduos

97 2136 158 2188 ι11ἱὶ
173 2140 291 2186 laminam
305 2139 402 2204 gener-ij
419 2137 472 2184 that
489 2137 519 2193 is,
532 2139 571 2184 illi
585 2139 666 2198 genti,·
683 2137 790 2198 hemely,
806 2147 831 2185 to
848 2139 890 2186 the
908 2122 996 2186 Gaulo.

69 2198 221 2257 Respecting
231 2197 294 2244 their
305 2196 420 2254 curiosity
431 2195 479 2242 and
489 2195 617 2255 credulity,
631 2211 672 2242 see
684 2196 716 2243 iv.
728 2200 750 2242 5.

97 2270 165 2319 'Res
179 2273 316 2332 proclinata
325 2270 345 2317 is
362 2285 394 2317 an
405 2268 474 2317 affair
484 2268 564 2316 which
576 2268 596 2316 is
608 2267 706 2328 already
716 2267 832 2328 inclining
841 2267 948 2317 towards

67 2329 241 2378 unfavourable
253 2331 327 2377 issue.
939 2353 942 2362 ·

97 2401 230 2458 ³Saaitas‚·
249 2401 300 2448 that
312 2401 342 2458 is,
355 2417 416 2448 sarto
426 2416 499 2448 mats.
532 2398 579 2446 See
590 2398 606 2445 i.
617 2400 655 2446 42.

97 2477 107 2505 ⁴
119 2474 274 2530 Cabillonum,
287 2489 319 2521 an
329 2474 460 2533 important
471 2480 539 2519 town
549 2486 581 2518 on
590 2470 633 2517 the
647 2469 711 2519 river
722 2469 788 2518 Arar
799 2469 906 2528 (Saone),
919 2470 941 2518 is
953 2469 996 2519 tho

69 2533 171 2582 modern
183 2533 291 2581 Chelone
302 2548 343 2581 sur
355 2533 443 2579 Saone.

98 2609 108 2635 ⁸
117 2606 231 2654 Educaat
235 2623 245 2662 ,·
263 2605 315 2653 that
328 2605 357 2662 is,
373 2604 447 2664 ‘they
458 2602 569 2652 induced’
583 2617 610 2650 or
624 2600 736 2662 ‘obliged
746 2601 798 2650 him
808 2609 834 2649 to
844 2616 876 2662 go
886 2602 946 2651 out)

83 2680 108 2785 h‘
121 2679 288 2785 ίίἔαὲειῇοπῑφῑη
298 2681 441 2785 ἳᾱὲιςνπυπε,
463 2677 537 2736 ‘they
553 2674 687 2724 determine
708 2674 762 2723 that
778 2689 810 2722 en
825 2673 998 2736 investigation

69 2754 82 2786 Β
98 2754 200 2880 ¹⁰1ilapti3
211 2754 248 2785 ms
261 2753 352 2866 laisteis}
370 2809 422 2856 that
440 2808 470 2864 is,
492 2807 643 2876 ‘captivated
659 2823 686 2855 or
703 2807 743 2855 led
758 2808 792 2867 by
802 2807 844 2854 the
861 2806 943 2876 gain?
960 2805 998 2853 sor

69 2864 998 2996 tttttltttrttnttttt'tlttttthttttlxttftttlttrttt

71 3002 92 3035 is
100 2986 152 3055 ,due
163 2996 188 3034 to
199 2986 258 3041 lnm,
272 3001 299 3033 or
309 3003 324 3033 a
333 3002 390 3054 garn
400 2986 464 3034 whrc
492 3001 604 3045 aperson
619 2984 705 3051 malros
721 2985 755 3042 by
765 2998 852 3043 savmg
866 2997 893 3031 or
909 2997 997 3030 econo-

72 3061 171 3106 mrsrng,
185 3045 232 3092 and
243 3044 302 3091 then
312 3061 376 3105 garn,
390 3045 469 3104 profit,
482 3061 509 3093 or
519 3044 653 3105 advantage
665 3057 689 3089 rn
699 3041 805 3102 general.

101 3118 159 3167 ⁸Ea
176 3133 227 3174 res,⁸
245 3117 351 3178 nemely,
364 3117 406 3167 the
422 3120 533 3168 hanonm
548 3118 656 3180 direptio,
674 3115 700 3163 in
715 3113 796 3164 which
812 3129 887 3176 many
896 3127 998 3175 persons

73 3178 121 3227 hed
132 3176 209 3226 taken
219 3185 279 3236 pert.
