2146 3704
19 309 27 316 Ι
67 236 118 299 sn
379 255 540 301 uaesano
560 255 700 300 eunuco.

76 381 160 419 causa
176 381 271 420 secum
287 364 414 421 habebat.
450 366 520 419 Huic
540 367 646 435 magnis
665 364 795 435 praemiis
811 363 1006 436 pollicitationi·

77 432 182 504 busque
198 435 351 506 persuadet,
369 435 409 488 uti
425 436 459 488 ad
476 436 569 488 hostes
588 445 713 503 trauseat,
732 444 759 489 et
775 435 840 505 quid
856 435 914 490 fieri
930 436 1006 507 velit,

13 512 28 534 “
77 504 181 558 edocet.
217 504 270 563 Qui
281 505 329 559 ubi
340 521 386 574 pro
404 505 516 574 perfuga
533 505 568 558 ad
587 507 726 575 eosvenit,
740 505 865 558 timorem
875 505 1005 560 Romano

77 589 138 628 rum
153 575 281 645 proponit,
299 575 398 644 quibus
412 576 543 643 angustiis
560 576 617 644 ipse
634 576 732 628 Caesar
743 592 760 626 a
772 575 885 629 Venetis
921 593 1005 630 rema·

77 651 127 714 tur,
140 644 227 716 docet,
240 662 329 724 neque
342 644 454 713 longius¹
466 644 571 715 abesse,
585 645 649 716 quin
662 645 782 715 proxima
799 654 879 698 nocte
928 645 1008 699 binus

77 713 150 768 clam
166 727 206 768 err
217 724 312 768 castris
329 714 478 768 exercitum
492 715 589 768 educat
606 723 634 768 et
649 715 685 768 ad
701 715 845 768 Caesarem
862 715 958 769 auxilii
969 715 1008 768 fe·

77 784 153 837 rendi
165 801 248 837 causa
259 784 449 853 proficiscatur.
485 784 563 842 Quod
576 784 622 838 ubi
640 784 762 838 auditum
776 793 824 855 est,
837 785 1008 842 conclamant

77 854 354 908 omnesnecasionem
366 853 464 922 negotii
473 853 543 906 bene
555 854 667 922 gerendi
677 853 856 908 amittendam
865 871 918 908 non
930 871 1007 909 esse:

76 923 113 977 ad
130 930 218 976 eastra
233 923 265 975 iri
280 932 410 992 oportere.
445 922 552 976 Multae
568 941 611 976 res
630 924 665 977 ad
682 923 734 977 hoc
754 923 897 978 consilium
915 924 1009 979 Gallos

76 991 263 1046 hortabantur:
291 990 456 1062 superiorem
476 992 582 1046 dierum
603 992 695 1047 Sabini
714 994 857 1062 cunctatio,
877 992 1009 1064 perfugae

76 1061 250 1131 confirmatio,
267 1062 357 1131 inopia
380 1061 548 1142 cibariorum,
566 1063 611 1116 oui
634 1063 672 1115 rei
692 1079 789 1132 parum
808 1063 953 1134 diligenter
972 1063 1009 1118 ab

76 1131 121 1186 hie
141 1140 198 1185 erat
217 1131 360 1201 provisum,
378 1147 441 1200 spes
452 1132 575 1185 Venetici
594 1131 667 1200 belli,
681 1141 708 1186 et
724 1132 795 1202 quod
815 1133 873 1187 lere
893 1131 1009 1189 libenter

76 1201 202 1256 homines
221 1201 257 1272 id,
279 1201 351 1271 qnod
372 1200 470 1271 volunt,
491 1201 613 1254 creduut.
648 1201 698 1255 His
720 1202 802 1256 rebus
824 1201 936 1257 adducti
955 1219 1007 1257 non

76 1272 150 1342 prius
165 1271 347 1331 Viridovicem
367 1269 536 1340 reliquosque
560 1271 646 1324 duces
664 1289 700 1325 ex
723 1272 835 1325 concilio
859 1272 1008 1343 dimittunt,

76 1358 160 1412 quam
183 1341 220 1395 ab
239 1341 283 1394 his
303 1341 337 1394 sit
357 1357 524 1409 concessum,
542 1357 619 1394 arma
637 1342 677 1394 uti
696 1357 729 1394 ca
748 1342 803 1395 iant
820 1351 847 1396 et
866 1341 902 1396 ad
921 1350 1010 1396 castra

76 1411 248 1466 contendant.
284 1411 384 1469 Quare
396 1427 526 1464 concessa
543 1410 608 1463 laeti
625 1419 655 1464 nt
672 1359 809 1481 expldrata
820 1413 943 1465 victoria²
954 1428 1009 1465 sar·

76 1483 178 1536 inentis
188 1480 365 1551 virgultisque
383 1480 511 1550 collectis,
525 1479 625 1550 quihus
642 1480 728 1534 fossas
739 1481 918 1536 Romanorum
936 1499 1009 1534 corn·

76 1551 175 1622 plorant,
189 1552 224 1604 ad
236 1560 322 1605 castra
335 1558 457 1621 pergunt.

115 1627 155 1676 19.
173 1622 262 1675 Locus
279 1629 336 1675 erat
354 1631 501 1675 castrorum
519 1619 609 1673 editus
625 1627 653 1673 et
672 1619 733 1690 paul
741 1619 802 1674 uim
814 1620 849 1674 ab
862 1621 916 1674 imo
928 1620 1010 1675 accli-

65 1689 126 1761 nis,
145 1691 251 1745 circiter
268 1707 365 1772 passm
380 1691 466 1744 mille.
501 1690 562 1743 Huc
579 1706 681 1758 magno
701 1706 781 1749 cumn
805 1690 1008 1761 contenderunt,

76 1773 201 1831 utquam
212 1761 359 1815 minimum
376 1759 455 1830 spatii
472 1758 507 1813 ad
526 1777 556 1812 se
574 1758 739 1828 colligendos
749 1760 946 1830 armandosque
958 1761 1009 1815 Ro·

75 1831 165 1885 manis
177 1830 292 1898 daretur,
306 1829 505 1899 exanimatique
517 1839 705 1900 pervenemnt.
742 1828 857 1884 Sabinus
875 1846 938 1883 suos
948 1828 1009 1884 hor-

76 1907 148 1952 tatus
159 1899 331 1968 cupientibus
348 1900 455 1967 siguum
468 1897 523 1952 dat.
560 1899 701 1968 Impeditis
712 1898 835 1953 hostibus
845 1907 953 1970 propter
965 1916 1007 1980 ea1

76 1983 147 2037 qnae
165 1968 296 2036 serebant,
315 1984 397 2021 onera
415 1967 502 2020 subito
525 1967 632 2021 duabus
655 1969 736 2038 portis
760 1970 928 2039 eruptionem
951 1969 1008 2023 lien

74 2034 162 2108 jubet.
197 2036 313 2091 Factum
330 2044 372 2089 est
389 2037 583 2107 opportunitate
601 2037 660 2106 loci,
678 2038 796 2092 hostium
815 2037 958 2092 inscientia
975 2055 1008 2091 ao

76 2106 276 2177 defatigatione,
290 2105 386 2160 virtute
403 2105 521 2160 militurn
540 2115 568 2160 et
586 2106 753 2177 superiomrn
764 2125 917 2179 pugnarum
934 2125 1009 2162 exer·

76 2176 211 2247 citatione,
225 2184 255 2229 ut
271 2193 305 2230 ne
321 2192 406 2230 unum
424 2176 534 2245 quidem
550 2186 701 2230 nostrorum
717 2179 851 2247 impetum
863 2177 964 2230 seirent
975 2194 1008 2230 ao

76 2246 169 2299 statim
181 2255 256 2316 terga
268 2253 412 2299 verterent.
448 2246 521 2304 Quos
540 2246 684 2317 impeditos¹
702 2247 814 2316 integris
824 2247 927 2301 viribus
937 2246 1008 2300 mili·

77 2322 119 2369 tes
136 2316 218 2370 nostri
236 2315 375 2369 consecuti
392 2331 522 2384 magnum
548 2333 692 2371 numerum
719 2333 811 2370 eorum
836 2316 1008 2386 occidenmt;

76 2384 194 2456 reliquos
211 2386 317 2456 equites
335 2384 481 2438 consectati
501 2402 609 2455 paucos,
623 2387 668 2455 qui
680 2403 715 2439 ex
727 2386 791 2453 luga
804 2386 954 2456 evaserant,
968 2402 1008 2439 re-

76 2452 95 2508 li
115 2465 219 2510 uerunt.
255 2455 298 2509 Sic
310 2472 363 2508 uno
377 2465 496 2524 tempore
509 2463 535 2507 et
548 2455 583 2508 de
602 2455 690 2507 navali
704 2473 794 2525 pugna
806 2455 921 2509 Sabinus
933 2464 960 2509 et
972 2454 1007 2508 de

76 2472 170 2580 &hini
187 2525 299 2579 victoria
317 2525 416 2578 Caesar
433 2523 530 2578 certior
547 2524 642 2596 sactus,
662 2525 840 2595 civitatesque
865 2541 960 2579 omnes
978 2541 1008 2577 se

75 2596 168 2650 statim
180 2595 283 2650 Titurio
295 2594 465 2649 dediderunt.
500 2594 573 2648 Nam
585 2603 614 2649 nt
626 2594 660 2648 ad
672 2594 745 2649 bella
757 2594 931 2665 suscipienda
942 2594 1005 2648 Gal·

74 2663 163 2719 lorum
180 2665 270 2719 alacer
281 2681 314 2718 ac
331 2675 470 2735 promptus
486 2672 528 2717 est
546 2664 672 2734 animus‚¹
684 2664 724 2718 sic
735 2663 826 2722 mollis
843 2681 876 2717 ac
894 2662 1008 2719 minime

76 2735 203 2789 resistens
214 2733 250 2787 ad
262 2734 433 2787 calamitates
443 2733 618 2804 perferendas
628 2751 708 2787 mens
720 2751 815 2787 eorum
826 2742 878 2787 est.

105 2967 247 3031 ¹Loogias,·
262 2966 369 3036 namelv,
378 2983 428 3016 anu
436 2976 511 3037 κυρία,
520 2983 548 3017 as
557 2968 578 3018 is
587 2969 686 3030 implied
694 2968 770 3018 in'the
779 2966 905 3031 following
912 2966 1006 3024 clause,

75 3045 105 3080 so
115 3028 169 3078 that
180 3027 223 3076 the
234 3035 398 3087 comparative
409 3036 500 3076 reterns
511 3027 543 3076 its
554 3043 641 3089 proper
651 3028 724 3077 force.

104 3099 191 3166 'libat
202 3115 232 3173 is,
245 3122 272 3164 ut
282 3121 346 3163 certe
356 3115 465 3171 neena,
481 3119 523 3164 ‘ss
534 3114 628 3176 though
639 3115 681 3164 tbe
692 3115 787 3177 victory
797 3130 863 3163 were
875 3113 976 3164 certain.

104 3205 228 3255 ’Aemus
238 3203 259 3252 is
273 3202 410 3264 ‘comaga’
423 3202 470 3252 and
480 3219 546 3253 mens
557 3202 656 3261 ‘mind’
666 3219 694 3255 or
704 3203 746 3254 the
757 3219 841 3266 power
851 3203 877 3254 in
886 3219 917 3253 us
925 3199 1009 3252 which

74 3264 170 3324 thinks.
183 3264 232 3314 and
241 3263 329 3323 impels
339 3278 369 3312 us
379 3271 406 3312 to
416 3270 464 3312 act.
