2146 3704
424 112 429 127 '
461 125 553 164 arnna
572 124 601 166 v.
714 69 733 79 *-
933 107 990 166 13⁷

68 231 188 302 riotoria,
202 232 514 301 *turrentestudinesque
535 249 615 301 agere
632 238 661 285 et
679 229 759 285 scalis
777 230 878 294 vallum
896 249 990 288 ascen·

27 360 30 365 ,
67 303 132 357 dere
144 309 299 384 coepemnt.
336 304 372 355 At
384 310 457 354 tanta
469 302 587 355 militum
598 302 683 355 virtus
699 309 781 371 atque
794 320 828 356 ea
839 305 990 374 praesentia

67 370 151 426 animi
163 371 223 441 furt,
236 379 273 440 ut,
286 382 371 441 quum
383 371 503 440 undique
516 372 627 424 flamma
640 381 799 425 torrerentur
816 374 989 443 maximaque

68 442 184 495 telorum
195 441 369 495 multitudine
381 450 568 510 premerentur
580 442 783 510 suaqueomnia
795 442 990 512 impedimenta

68 519 150 582 atque
174 521 270 564 omnes
292 512 413 564 fortunas
435 512 599 579 conflagrare
623 511 809 583 intelligerent,
833 528 885 566 non
910 512 989 566 modo

68 581 238 650 demigrandi
250 597 331 633 causa
343 580 378 633 de
387 580 459 633 vallo
470 580 616 634 decederet
627 597 715 650 nemo,
729 581 776 634 sed
790 598 877 652 paene
889 599 923 634 ne
936 598 989 634 res·

69 652 171 721 piceret
180 651 290 720 quidem
302 650 460 720 quisquam3
472 661 580 704 actum
587 665 682 704 omnes
693 652 823 705 acerrime
836 652 989 705 fortissime·

69 736 153 791 quep
191 728 292 772 nerent.
329 720 647 790 Hicdiesnostrislonge
664 722 839 790 gravissimus
858 721 922 790 iuit3
941 721 990 774 sed

69 797 163 844 tamen
202 807 254 843 unc
275 788 369 841 habuit
388 800 524 860 eventurn,
544 800 576 844 ut
596 807 628 843 eo
648 790 693 844 die
717 793 853 848 maximus
871 791 990 845 hostium

69 875 200 913 uumerus
219 858 403 911 vulneraretur
421 868 502 929 atque
523 861 723 930 interficeretur,
745 865 784 914 ut¹
804 861 838 915 se'
857 862 908 916 sub
932 862 990 931 ipso

72 928 141 981 vallo
153 929 368 997 constipaverant
386 945 578 998 recessumque
595 931 689 1001 primis
705 930 793 984 ultimi
809 948 862 984 non
880 930 989 984 dabant.

71 997 196 1052 Paullum
216 997 328 1067 quidem
349 999 501 1052 intermissa
520 1001 639 1068 flamma,
661 1008 688 1052 et
708 1000 826 1068 quodam
846 1001 904 1054 loco
924 999 990 1053 turri

70 1066 168 1120 adacta
180 1074 207 1119 et
219 1068 389 1135 contingente
401 1068 511 1138 vallum,
522 1070 619 1122 vtertiae
637 1069 753 1122 cohortis
770 1071 941 1124 centuriones
955 1086 991 1123 ex

72 1153 111 1207 eo,
124 1153 179 1207 quo
191 1137 305 1206 stabant,
319 1136 376 1190 loco
389 1147 556 1192 recesserunt
568 1157 599 1192 su
651 1155 684 1192 ue
696 1155 792 1193 omnes
803 1146 990 1208 removerunt;

71 1215 138 1260 nutu
150 1205 314 1274 vocibusque
333 1206 432 1277 hostes,
446 1208 469 1260 si
480 1209 588 1262 introire
600 1225 634 1260 ve
646 1208 708 1277 lent,
723 1226 818 1262 vocare
836 1215 989 1278 coeperunt,

90 1293 186 1329 uorum
201 1275 324 1345 progredi
341 1291 424 1328 ausus
442 1285 483 1328 est
501 1292 590 1328 nemo.
625 1277 696 1328 'lum
709 1279 828 1330 exomni
840 1287 915 1348 parte
927 1276 991 1345 lapi·

72 1292 152 1399 dibus
164 1344 293 1415 conjectis
305 1345 439 1398 deturbati
452 1345 583 1414 turrisque
597 1361 727 1398 succensa
739 1354 788 1398 est.

106 1422 149 1468 44.
170 1416 252 1468 Erant
265 1415 293 1467 in
305 1431 338 1467 ea
350 1415 455 1484 legione
467 1414 603 1467 fortissimi
618 1414 665 1466 viri
679 1415 856 1485 centuriones,
869 1415 925 1484 qui’
934 1413 992 1483 jam

92 1485 166 1538 rimis
190 1483 326 1536 ordinibus
348 1484 598 1553 appropinquarent,
618 1484 649 1534 T.
669 1483 754 1536 Pulfio
772 1491 799 1535 et
816 1483 847 1536 L.
861 1485 991 1537 Varenus.

73 1502 107 1607 bi
124 1563 269 1624 perpetuas
287 1553 355 1605 inter
372 1570 402 1605 se
420 1553 612 1605 controversias
629 1551 773 1622 habebant,
788 1554 900 1622 quinam
917 1560 992 1618 ante-

74 1623 194 1692 ferretur,
207 1622 387 1703 omnibusque
399 1624 477 1675 annis
489 1622 523 1674 de
537 1621 603 1674 loco⁸
615 1622 728 1674 summis
740 1621 920 1676 simultatibus
931 1638 993 1675 con·

74 1694 229 1746 tendebant.
268 1693 308 1745 Ex
332 1693 366 1744 irs
389 1692 481 1762 Pulfio,
505 1708 591 1760 quum
620 1690 750 1744 acerrime
773 1691 808 1745 ad
831 1692 993 1746 munitiones

73 1771 241 1833 pugnaretur,
257 1761 330 1820 >Quid
349 1761 464 1832 dubitas,
485 1761 579 1831 inquit,
592 1761 719 1814 Varenel
738 1769 784 1814 aut
803 1779 885 1831 quem
903 1762 993 1815 locum

73 1832 225 1902 probandae
238 1831 342 1883 virtutis
361 1840 422 1884 tuae
441 1831 567 1900 spectas?
586 1831 630 1884 hic
642 1831 708 1901 dies,
722 1831 767 1885 hic
779 1832 838 1886 dies
851 1833 884 1886 de
898 1832 994 1885 nostris

73 1901 259 1955 controversiis
276 1901 415 1970 judicabit.
453 1902 527 1954 Haec
545 1918 631 1971 quum
647 1901 767 1971 dixisset,
782 1902 901 1972 procedit
919 1910 994 1955 extra

73 1972 243 2038 munitiones,
257 1987 381 2038 quaeque
399 1988 460 2040 pars
478 1970 596 2023 hostiurn
615 1971 811 2025 confertissima
823 1974 881 2025 nisa
898 1980 947 2040 est,
966 1971 994 2024 in

73 2057 134 2094 eam
148 2040 277 2109 irrumpit.
314 2040 356 2092 Ne
369 2040 490 2092 Varenus
502 2039 612 2108 quidem
626 2049 683 2092 tum
695 2040 765 2093 vallo
783 2059 844 2095 sese
862 2042 989 2111 continet,

73 2110 119 2162 sed
137 2111 259 2162 omnium
278 2109 379 2161 veritus
399 2109 624 2161 existimationem
644 2109 823 2178 subsequitur.
860 2111 993 2164 Mediocri

73 2179 158 2247 spatio
177 2179 277 2247 relicto,
292 2177 376 2231 Pullio
394 2179 480 2247 pilum
501 2179 527 2230 in
547 2176 639 2229 hostes
657 2178 738 2230 mittit
758 2187 839 2246 atque
857 2197 941 2233 unum
960 2196 995 2233 ex

72 2247 244 2301 multitudine
266 2259 466 2317 procurrentem
486 2246 621 2316 transjicit,
640 2261 693 2314 quo
713 2263 840 2366 percusso
858 2258 886 2301 et
904 2249 995 2301 exani-

72 2327 153 2385 mato,
176 2317 256 2370 hunc⁴
277 2318 361 2369 scutis
380 2325 521 2386 protegunt
542 2315 640 2383 hostes,
660 2315 686 2366 in
707 2316 784 2369 ilum
802 2317 857 2369 tela
875 2317 994 2370 universi

71 2386 217 2457 conjiciunt
236 2403 324 2455 neque
342 2386 408 2438 dant
426 2383 598 2452 regrediundi
616 2383 782 2438 facultatem.
819 2386 995 2454 Transfigitur

72 2467 180 2509 scutum
192 2455 305 2509 Pullioni
319 2464 347 2508 et
358 2464 484 2508 verutum
503 2455 531 2506 in
547 2453 637 2506 balteo
656 2453 789 2522 defigitur.
825 2456 931 2507 Avertit
950 2455 996 2508 hia

72 2542 152 2580 casus
164 2526 298 2596 vaginam,
312 2534 339 2579 et
356 2525 477 2594 gladium
490 2525 606 2577 educere
619 2524 726 2576 conanti
738 2523 861 2578 dextram
878 2533 996 2579 moratur

100 2704 108 2734 ¹
123 2702 156 2752 Ut
168 2703 224 2751 here
236 2703 345 2765 signifies
356 2704 397 2752 the
409 2704 490 2765 acting
505 2719 586 2760 cause,
605 2703 651 2752 and
670 2704 691 2752 is
710 2703 798 2752 almost
816 2704 955 2765 equivalent
971 2713 996 2753 to

71 2776 150 2822 quum.
183 2763 303 2822 Compare
314 2764 346 2811 vi.
356 2768 379 2819 7,
392 2764 432 2811 vii.
441 2767 481 2819 45,
494 2766 532 2820 61,
546 2766 584 2811 88.

72 2836 172 2943 11018ρέιί
190 2837 215 2885 in
231 2837 280 2885 this
298 2838 407 2886 instance
423 2837 533 2885 contains
549 2837 591 2885 the
602 2837 657 2885 idea
667 2837 779 2898 olquam.
812 2836 859 2885 See
875 2835 945 2896 chap.
956 2839 994 2893 33,

100 2967 196 3018 'Meus
207 2969 265 3016 here
276 2969 297 3017 is
308 2969 369 3017 rank
385 2969 408 3017 in
426 2970 467 3017 the
484 2984 561 3028 army,
574 2968 611 3015 for
621 2967 639 3014 it
650 2983 702 3015 was
713 2967 766 3015 said
776 2976 800 3014 at
811 2967 858 3034 the.
864 2966 996 3029 beginning

73 3025 271 3145 ffigffeegtcfflffier
286 3028 339 3076 tlrat
358 3029 428 3076 these
447 3029 587 3076 centurions
604 3041 669 3073 were
686 3041 744 3073 near
760 3025 893 3086 ndvuncrng
912 3036 937 3074 to
955 3028 996 3076 tha

102 3160 110 3187 ⁴
120 3159 270 3222 Respecting
280 3163 342 3209 tuac
352 3159 414 3209 aster
424 3159 465 3210 the
477 3159 583 3209 ablativa
594 3157 717 3218 absolute,
728 3174 772 3209 see
781 3157 819 3208 dt.
826 3160 868 3217 tt,
876 3164 976 3208 natat„

161 3235 208 3277 12*
535 3243 557 3276 rt
