<?xml version="1.0" encoding="UTF-8"?>
<!DOCTYPE html PUBLIC "-//W3C//DTD XHTML 1.0 Transitional//EN"
    "http://www.w3.org/TR/xhtml1/DTD/xhtml1-transitional.dtd">
<html xmlns="http://www.w3.org/1999/xhtml" xml:lang="en" lang="en">
 <head>
  <title>
</title>
<meta http-equiv="Content-Type" content="text/html;charset=utf-8" />
  <meta name='ocr-system' content='tesseract 3.04.00' />
  <meta name='ocr-capabilities' content='ocr_page ocr_carea ocr_par ocr_line ocrx_word'/>
</head>
<body>
  <div class='ocr_page' id='page_1' title='image "./cjuliicaesarisc02caesgoog_0099.png"; bbox 0 0 2138 3742; ppageno 0'>
   <div class='ocr_carea' id='block_1_1' title="bbox 40 238 665 301">
    <p class='ocr_par' dir='ltr' id='par_1_1' title="bbox 40 238 665 301">
     <span class='ocr_line' id='line_1_1' title="bbox 40 238 665 301; baseline -0.008 0"><span class='ocrx_word' id='word_1_1' title='bbox 40 238 84 301; x_wconf 66' lang='lat' dir='ltr'><strong><em>w</em></strong></span> <span class='ocrx_word' id='word_1_2' title='bbox 140 239 164 270; x_wconf 58' lang='lat'><strong><em>⁵</em></strong></span> <span class='ocrx_word' id='word_1_3' title='bbox 346 255 388 299; x_wconf 83' lang='lat' dir='ltr'><strong>oe</strong></span> <span class='ocrx_word' id='word_1_4' title='bbox 409 254 508 299; x_wconf 78' lang='lat' dir='ltr'><strong>senno</strong></span> <span class='ocrx_word' id='word_1_5' title='bbox 528 254 665 298; x_wconf 80' lang='lat' dir='ltr'><strong>ascaron.</strong></span> 
     </span>
    </p>
   </div>
   <div class='ocr_carea' id='block_1_2' title="bbox 42 359 975 589">
    <p class='ocr_par' dir='ltr' id='par_1_2' title="bbox 42 359 975 589">
     <span class='ocr_line' id='line_1_2' title="bbox 44 359 973 438; baseline -0.003 -17"><span class='ocrx_word' id='word_1_6' title='bbox 44 366 133 422; x_wconf 82' lang='lat' dir='ltr'><strong>landis</strong></span> <span class='ocrx_word' id='word_1_7' title='bbox 145 364 266 438; x_wconf 88' lang='lat' dir='ltr'><strong>speciem</strong></span> <span class='ocrx_word' id='word_1_8' title='bbox 277 372 359 438; x_wconf 85' lang='lat' dir='ltr'><strong>atque</strong></span> <span class='ocrx_word' id='word_1_9' title='bbox 371 366 525 437; x_wconf 85' lang='lat' dir='ltr'><strong>opinionem</strong></span> <span class='ocrx_word' id='word_1_10' title='bbox 536 364 715 436; x_wconf 87' lang='lat' dir='ltr'><strong>pugnantium</strong></span> <span class='ocrx_word' id='word_1_11' title='bbox 727 359 894 435; x_wconf 74' lang='lat' dir='ltr'>praeberent,</span> <span class='ocrx_word' id='word_1_12' title='bbox 905 377 973 418; x_wconf 80' lang='lat' dir='ltr'><strong>cunt</strong></span> 
     </span>
     <span class='ocr_line' id='line_1_3' title="bbox 42 433 974 503; baseline -0.006 -11"><span class='ocrx_word' id='word_1_13' title='bbox 42 438 110 493; x_wconf 88' lang='lat' dir='ltr'><strong>item</strong></span> <span class='ocrx_word' id='word_1_14' title='bbox 128 438 164 491; x_wconf 89' lang='lat' dir='ltr'><strong>ab</strong></span> <span class='ocrx_word' id='word_1_15' title='bbox 180 437 303 492; x_wconf 79' lang='lat' dir='ltr'><strong>hostibus</strong></span> <span class='ocrx_word' id='word_1_16' title='bbox 320 438 481 491; x_wconf 80' lang='lat' dir='ltr'><strong>constanter¹</strong></span> <span class='ocrx_word' id='word_1_17' title='bbox 498 452 531 490; x_wconf 91' lang='lat' dir='ltr'><strong>ac</strong></span> <span class='ocrx_word' id='word_1_18' title='bbox 547 452 600 489; x_wconf 89' lang='lat' dir='ltr'><strong>non</strong></span> <span class='ocrx_word' id='word_1_19' title='bbox 615 433 711 488; x_wconf 88' lang='lat' dir='ltr'><strong>timide</strong></span> <span class='ocrx_word' id='word_1_20' title='bbox 722 440 893 503; x_wconf 81' lang='lat' dir='ltr'>pugnaretur,</span> <span class='ocrx_word' id='word_1_21' title='bbox 906 433 974 487; x_wconf 89' lang='lat' dir='ltr'><strong>tela·</strong></span> 
     </span>
     <span class='ocr_line' id='line_1_4' title="bbox 42 502 975 589; baseline -0.005 -28"><span class='ocrx_word' id='word_1_22' title='bbox 42 521 97 589; x_wconf 84' lang='lat' dir='ltr'><strong>qne</strong></span> <span class='ocrx_word' id='word_1_23' title='bbox 115 524 151 562; x_wconf 84' lang='lat' dir='ltr'><strong>ex</strong></span> <span class='ocrx_word' id='word_1_24' title='bbox 168 507 226 561; x_wconf 94' lang='lat' dir='ltr'><strong>loco</strong></span> <span class='ocrx_word' id='word_1_25' title='bbox 244 507 379 578; x_wconf 83' lang='lat' dir='ltr'><strong>superiore</strong></span> <span class='ocrx_word' id='word_1_26' title='bbox 396 507 482 560; x_wconf 87' lang='lat' dir='ltr'><strong>missa</strong></span> <span class='ocrx_word' id='word_1_27' title='bbox 500 522 554 560; x_wconf 92' lang='lat' dir='ltr'><strong>non</strong></span> <span class='ocrx_word' id='word_1_28' title='bbox 571 504 669 558; x_wconf 84' lang='lat' dir='ltr'><strong>frustra</strong></span> <span class='ocrx_word' id='word_1_29' title='bbox 686 502 848 572; x_wconf 90' lang='lat' dir='ltr'><strong>acciderent,</strong></span> <span class='ocrx_word' id='word_1_30' title='bbox 867 503 975 573; x_wconf 75' lang='lat' dir='ltr'>equites</span> 
     </span>
    </p>
   </div>
   <div class='ocr_carea' id='block_1_3' title="bbox 42 572 976 1568">
    <p class='ocr_par' dir='ltr' id='par_1_3' title="bbox 42 572 976 772">
     <span class='ocr_line' id='line_1_5' title="bbox 43 572 976 632; baseline -0.004 0"><span class='ocrx_word' id='word_1_31' title='bbox 43 578 192 632; x_wconf 82' lang='lat' dir='ltr'><strong>circumitis</strong></span> <span class='ocrx_word' id='word_1_32' title='bbox 208 576 328 632; x_wconf 85' lang='lat' dir='ltr'><strong>hostium</strong></span> <span class='ocrx_word' id='word_1_33' title='bbox 345 577 441 631; x_wconf 88' lang='lat' dir='ltr'><strong>castris</strong></span> <span class='ocrx_word' id='word_1_34' title='bbox 458 577 553 630; x_wconf 80' lang='lat' dir='ltr'><strong>Crasso</strong></span> <span class='ocrx_word' id='word_1_35' title='bbox 571 575 792 629; x_wconf 84' lang='lat' dir='ltr'><strong>renuntiaverunt</strong></span> <span class='ocrx_word' id='word_1_36' title='bbox 808 588 863 626; x_wconf 89' lang='lat' dir='ltr'><strong>nou</strong></span> <span class='ocrx_word' id='word_1_37' title='bbox 874 572 976 628; x_wconf 87' lang='lat' dir='ltr'><strong>eedem</strong></span> 
     </span>
     <span class='ocr_line' id='line_1_6' title="bbox 42 642 975 772; baseline -0.01 -68"><span class='ocrx_word' id='word_1_38' title='bbox 42 664 105 772; x_wconf 49' lang='lat' dir='ltr'><strong>{adse</strong></span> <span class='ocrx_word' id='word_1_39' title='bbox 117 647 258 772; x_wconf 58' lang='lat' dir='ltr'><strong>dlllffilia</strong></span> <span class='ocrx_word' id='word_1_40' title='bbox 268 647 304 702; x_wconf 91' lang='lat' dir='ltr'><strong>ab</strong></span> <span class='ocrx_word' id='word_1_41' title='bbox 320 646 474 702; x_wconf 88' lang='lat' dir='ltr'><strong>decumana</strong></span> <span class='ocrx_word' id='word_1_42' title='bbox 488 653 564 717; x_wconf 91' lang='lat' dir='ltr'><strong>porta</strong></span> <span class='ocrx_word' id='word_1_43' title='bbox 580 653 669 699; x_wconf 89' lang='lat' dir='ltr'><strong>castra</strong></span> <span class='ocrx_word' id='word_1_44' title='bbox 685 644 791 698; x_wconf 88' lang='lat' dir='ltr'><strong>munita</strong></span> <span class='ocrx_word' id='word_1_45' title='bbox 807 642 975 714; x_wconf 75' lang='lat' dir='ltr'><strong>facilemque</strong></span> 
     </span>
     <span class='ocr_line' id='line_1_7' title="bbox 80 718 272 772; baseline 0.005 -1"><span class='ocrx_word' id='word_1_46' title='bbox 80 718 148 772; x_wconf 91' lang='lat' dir='ltr'><strong>itum</strong></span> <span class='ocrx_word' id='word_1_47' title='bbox 180 736 196 770; x_wconf 92' lang='lat' dir='ltr'><strong>a</strong></span> <span class='ocrx_word' id='word_1_48' title='bbox 234 735 272 772; x_wconf 68' lang='lat' dir='ltr'><strong>re.</strong></span> 
     </span>
    </p>

    <p class='ocr_par' dir='ltr' id='par_1_4' title="bbox 42 781 976 1136">
     <span class='ocr_line' id='line_1_8' title="bbox 79 781 976 858; baseline -0.007 -17"><span class='ocrx_word' id='word_1_49' title='bbox 79 793 122 843; x_wconf 78' lang='lat'><strong>26.</strong></span> <span class='ocrx_word' id='word_1_50' title='bbox 143 789 254 842; x_wconf 83' lang='lat' dir='ltr'><strong>Crassus</strong></span> <span class='ocrx_word' id='word_1_51' title='bbox 266 787 389 857; x_wconf 91' lang='lat' dir='ltr'><strong>equiturn</strong></span> <span class='ocrx_word' id='word_1_52' title='bbox 402 787 554 858; x_wconf 82' lang='lat' dir='ltr'><strong>praefectos</strong></span> <span class='ocrx_word' id='word_1_53' title='bbox 565 783 726 855; x_wconf 88' lang='lat' dir='ltr'><strong>cohortatus,</strong></span> <span class='ocrx_word' id='word_1_54' title='bbox 739 790 769 837; x_wconf 92' lang='lat' dir='ltr'><strong>nt</strong></span> <span class='ocrx_word' id='word_1_55' title='bbox 780 781 887 852; x_wconf 87' lang='lat' dir='ltr'><strong>magnis</strong></span> <span class='ocrx_word' id='word_1_56' title='bbox 897 797 976 853; x_wconf 85' lang='lat' dir='ltr'><strong>prae-</strong></span> 
     </span>
     <span class='ocr_line' id='line_1_9' title="bbox 42 852 975 927; baseline -0.008 -15"><span class='ocrx_word' id='word_1_57' title='bbox 42 857 107 912; x_wconf 90' lang='lat' dir='ltr'><strong>miis</strong></span> <span class='ocrx_word' id='word_1_58' title='bbox 167 856 420 927; x_wconf 89' lang='lat' dir='ltr'><strong>llicitationibusqne</strong></span> <span class='ocrx_word' id='word_1_59' title='bbox 444 871 508 910; x_wconf 90' lang='lat' dir='ltr'><strong>suos</strong></span> <span class='ocrx_word' id='word_1_60' title='bbox 531 856 686 924; x_wconf 79' lang='lat' dir='ltr'><strong>excitarent,</strong></span> <span class='ocrx_word' id='word_1_61' title='bbox 711 853 777 925; x_wconf 91' lang='lat' dir='ltr'><strong>qnid</strong></span> <span class='ocrx_word' id='word_1_62' title='bbox 800 853 859 907; x_wconf 84' lang='lat' dir='ltr'><strong>lieri</strong></span> <span class='ocrx_word' id='word_1_63' title='bbox 882 852 975 924; x_wconf 80' lang='lat' dir='ltr'><strong>vellet,</strong></span> 
     </span>
     <span class='ocr_line' id='line_1_10' title="bbox 42 874 974 996; baseline -0.006 -14"><span class='ocrx_word' id='word_1_64' title='bbox 42 874 170 982; x_wconf 67' lang='lat' dir='ltr'><strong>ostenrlll.</strong></span> <span class='ocrx_word' id='word_1_65' title='bbox 207 927 257 995; x_wconf 88' lang='lat' dir='ltr'><strong>Illi,</strong></span> <span class='ocrx_word' id='word_1_66' title='bbox 282 934 312 980; x_wconf 92' lang='lat' dir='ltr'><strong>nt</strong></span> <span class='ocrx_word' id='word_1_67' title='bbox 337 934 394 980; x_wconf 88' lang='lat' dir='ltr'><strong>erat</strong></span> <span class='ocrx_word' id='word_1_68' title='bbox 420 925 592 996; x_wconf 89' lang='lat' dir='ltr'><strong>imperatum,</strong></span> <span class='ocrx_word' id='word_1_69' title='bbox 617 924 724 979; x_wconf 79' lang='lat' dir='ltr'><strong>eductis</strong></span> <span class='ocrx_word' id='word_1_70' title='bbox 746 939 786 978; x_wconf 74' lang='grc' dir='ltr'><strong>ιν.</strong></span> <span class='ocrx_word' id='word_1_71' title='bbox 810 921 974 994; x_wconf 78' lang='lat' dir='ltr'><strong>cohortibus,</strong></span> 
     </span>
     <span class='ocr_line' id='line_1_11' title="bbox 43 993 976 1068; baseline -0.006 -16"><span class='ocrx_word' id='word_1_72' title='bbox 43 1014 114 1068; x_wconf 91' lang='lat' dir='ltr'><strong>quae</strong></span> <span class='ocrx_word' id='word_1_73' title='bbox 139 996 273 1067; x_wconf 88' lang='lat' dir='ltr'><strong>praesidio</strong></span> <span class='ocrx_word' id='word_1_74' title='bbox 293 996 388 1050; x_wconf 88' lang='lat' dir='ltr'><strong>castris</strong></span> <span class='ocrx_word' id='word_1_75' title='bbox 407 995 517 1049; x_wconf 89' lang='lat' dir='ltr'><strong>relictae</strong></span> <span class='ocrx_word' id='word_1_76' title='bbox 540 995 657 1049; x_wconf 80' lang='lat' dir='ltr'><strong>intritae²</strong></span> <span class='ocrx_word' id='word_1_77' title='bbox 675 995 711 1049; x_wconf 90' lang='lat' dir='ltr'><strong>ab</strong></span> <span class='ocrx_word' id='word_1_78' title='bbox 730 993 821 1047; x_wconf 88' lang='lat' dir='ltr'><strong>labore</strong></span> <span class='ocrx_word' id='word_1_79' title='bbox 841 1001 924 1062; x_wconf 85' lang='lat' dir='ltr'><strong>etant,</strong></span> <span class='ocrx_word' id='word_1_80' title='bbox 946 1002 976 1046; x_wconf 87' lang='lat' dir='ltr'><strong>et</strong></span> 
     </span>
     <span class='ocr_line' id='line_1_12' title="bbox 43 1063 975 1136; baseline -0.003 -15"><span class='ocrx_word' id='word_1_81' title='bbox 43 1065 162 1136; x_wconf 84' lang='lat' dir='ltr'><strong>longiore</strong></span> <span class='ocrx_word' id='word_1_82' title='bbox 180 1067 275 1121; x_wconf 89' lang='lat' dir='ltr'><strong>itinere</strong></span> <span class='ocrx_word' id='word_1_83' title='bbox 292 1064 492 1133; x_wconf 87' lang='lat' dir='ltr'><strong>circumductis,</strong></span> <span class='ocrx_word' id='word_1_84' title='bbox 511 1081 546 1118; x_wconf 90' lang='lat' dir='ltr'><strong>ne</strong></span> <span class='ocrx_word' id='word_1_85' title='bbox 558 1082 594 1120; x_wconf 82' lang='lat' dir='ltr'><strong>ex</strong></span> <span class='ocrx_word' id='word_1_86' title='bbox 605 1064 725 1119; x_wconf 84' lang='lat' dir='ltr'><strong>hostium</strong></span> <span class='ocrx_word' id='word_1_87' title='bbox 742 1063 837 1118; x_wconf 90' lang='lat' dir='ltr'><strong>castris</strong></span> <span class='ocrx_word' id='word_1_88' title='bbox 854 1063 975 1133; x_wconf 83' lang='lat' dir='ltr'><strong>conspici</strong></span> 
     </span>
    </p>

    <p class='ocr_par' dir='ltr' id='par_1_5' title="bbox 42 1133 976 1568">
     <span class='ocr_line' id='line_1_13' title="bbox 80 1133 975 1208; baseline -0.002 -18"><span class='ocrx_word' id='word_1_89' title='bbox 80 1145 161 1208; x_wconf 89' lang='lat' dir='ltr'><strong>ssent,</strong></span> <span class='ocrx_word' id='word_1_90' title='bbox 175 1137 297 1191; x_wconf 90' lang='lat' dir='ltr'><strong>omnium</strong></span> <span class='ocrx_word' id='word_1_91' title='bbox 314 1135 401 1189; x_wconf 89' lang='lat' dir='ltr'><strong>oculis</strong></span> <span class='ocrx_word' id='word_1_92' title='bbox 417 1135 610 1205; x_wconf 85' lang='lat' dir='ltr'><strong>mentibusque</strong></span> <span class='ocrx_word' id='word_1_93' title='bbox 627 1133 663 1188; x_wconf 92' lang='lat' dir='ltr'><strong>ad</strong></span> <span class='ocrx_word' id='word_1_94' title='bbox 674 1149 795 1206; x_wconf 88' lang='lat' dir='ltr'><strong>pugnam</strong></span> <span class='ocrx_word' id='word_1_95' title='bbox 806 1133 920 1187; x_wconf 88' lang='lat' dir='ltr'><strong>intentis</strong></span> <span class='ocrx_word' id='word_1_96' title='bbox 929 1150 975 1188; x_wconf 89' lang='lat' dir='ltr'><strong>ce·</strong></span> 
     </span>
     <span class='ocr_line' id='line_1_14' title="bbox 43 1152 975 1276; baseline -0.005 -15"><span class='ocrx_word' id='word_1_97' title='bbox 43 1152 135 1261; x_wconf 61' lang='lat' dir='ltr'><strong>lltoriter</strong></span> <span class='ocrx_word' id='word_1_98' title='bbox 151 1206 187 1260; x_wconf 87' lang='lat' dir='ltr'><strong>ad</strong></span> <span class='ocrx_word' id='word_1_99' title='bbox 205 1224 260 1276; x_wconf 89' lang='lat' dir='ltr'><strong>eas,</strong></span> <span class='ocrx_word' id='word_1_100' title='bbox 277 1223 346 1276; x_wconf 88' lang='lat' dir='ltr'><strong>quas</strong></span> <span class='ocrx_word' id='word_1_101' title='bbox 363 1204 490 1276; x_wconf 82' lang='lat' dir='ltr'><strong>diximus,</strong></span> <span class='ocrx_word' id='word_1_102' title='bbox 509 1203 673 1258; x_wconf 87' lang='lat' dir='ltr'><strong>munitiones</strong></span> <span class='ocrx_word' id='word_1_103' title='bbox 690 1211 879 1274; x_wconf 81' lang='lat' dir='ltr'><strong>pervenerunt,</strong></span> <span class='ocrx_word' id='word_1_104' title='bbox 891 1211 975 1274; x_wconf 91' lang='lat' dir='ltr'><strong>atque</strong></span> 
     </span>
     <span class='ocr_line' id='line_1_15' title="bbox 43 1273 975 1347; baseline -0.004 -17"><span class='ocrx_word' id='word_1_105' title='bbox 43 1275 87 1330; x_wconf 88' lang='lat' dir='ltr'><strong>his</strong></span> <span class='ocrx_word' id='word_1_106' title='bbox 104 1277 219 1346; x_wconf 92' lang='lat' dir='ltr'><strong>prorutis</strong></span> <span class='ocrx_word' id='word_1_107' title='bbox 235 1276 311 1347; x_wconf 89' lang='lat' dir='ltr'><strong>prius</strong></span> <span class='ocrx_word' id='word_1_108' title='bbox 326 1276 353 1329; x_wconf 93' lang='lat' dir='ltr'><strong>in</strong></span> <span class='ocrx_word' id='word_1_109' title='bbox 365 1274 484 1329; x_wconf 89' lang='lat' dir='ltr'><strong>hostium</strong></span> <span class='ocrx_word' id='word_1_110' title='bbox 495 1274 590 1329; x_wconf 88' lang='lat' dir='ltr'><strong>castris</strong></span> <span class='ocrx_word' id='word_1_111' title='bbox 601 1276 785 1343; x_wconf 87' lang='lat' dir='ltr'><strong>constiterunt,</strong></span> <span class='ocrx_word' id='word_1_112' title='bbox 798 1289 881 1344; x_wconf 89' lang='lat' dir='ltr'><strong>quarn</strong></span> <span class='ocrx_word' id='word_1_113' title='bbox 893 1273 975 1344; x_wconf 86' lang='lat' dir='ltr'><strong>plane</strong></span> 
     </span>
     <span class='ocr_line' id='line_1_16' title="bbox 42 1343 976 1417; baseline -0.002 -17"><span class='ocrx_word' id='word_1_114' title='bbox 42 1345 141 1400; x_wconf 85' lang='lat' dir='ltr'><strong>abhis</strong></span> <span class='ocrx_word' id='word_1_115' title='bbox 152 1345 239 1400; x_wconf 81' lang='lat' dir='ltr'><strong>videri</strong></span> <span class='ocrx_word' id='word_1_116' title='bbox 257 1355 312 1416; x_wconf 87' lang='lat' dir='ltr'><strong>aut,</strong></span> <span class='ocrx_word' id='word_1_117' title='bbox 327 1343 392 1417; x_wconf 90' lang='lat' dir='ltr'><strong>quid</strong></span> <span class='ocrx_word' id='word_1_118' title='bbox 410 1345 449 1399; x_wconf 91' lang='lat' dir='ltr'><strong>rei</strong></span> <span class='ocrx_word' id='word_1_119' title='bbox 466 1352 610 1415; x_wconf 86' lang='lat' dir='ltr'><strong>gereretur,</strong></span> <span class='ocrx_word' id='word_1_120' title='bbox 623 1344 752 1413; x_wconf 83' lang='lat' dir='ltr'><strong>cognosci</strong></span> <span class='ocrx_word' id='word_1_121' title='bbox 766 1350 866 1414; x_wconf 88' lang='lat' dir='ltr'><strong>posset.</strong></span> <span class='ocrx_word' id='word_1_122' title='bbox 902 1343 976 1398; x_wconf 89' lang='lat' dir='ltr'><strong>Tum</strong></span> 
     </span>
     <span class='ocr_line' id='line_1_17' title="bbox 42 1412 973 1486; baseline -0.003 -16"><span class='ocrx_word' id='word_1_123' title='bbox 42 1432 108 1470; x_wconf 79' lang='lat' dir='ltr'><strong>vero</strong></span> <span class='ocrx_word' id='word_1_124' title='bbox 120 1415 238 1470; x_wconf 87' lang='lat' dir='ltr'><strong>clamore</strong></span> <span class='ocrx_word' id='word_1_125' title='bbox 253 1417 289 1471; x_wconf 92' lang='lat' dir='ltr'><strong>ab</strong></span> <span class='ocrx_word' id='word_1_126' title='bbox 307 1433 341 1470; x_wconf 89' lang='lat' dir='ltr'><strong>ea</strong></span> <span class='ocrx_word' id='word_1_127' title='bbox 359 1422 435 1486; x_wconf 90' lang='lat' dir='ltr'><strong>parte</strong></span> <span class='ocrx_word' id='word_1_128' title='bbox 453 1415 546 1469; x_wconf 91' lang='lat' dir='ltr'><strong>audito</strong></span> <span class='ocrx_word' id='word_1_129' title='bbox 564 1414 646 1468; x_wconf 85' lang='lat' dir='ltr'><strong>nostri</strong></span> <span class='ocrx_word' id='word_1_130' title='bbox 664 1413 852 1482; x_wconf 86' lang='lat' dir='ltr'><strong>redintegratis</strong></span> <span class='ocrx_word' id='word_1_131' title='bbox 861 1412 973 1484; x_wconf 75' lang='lat' dir='ltr'><strong>viribus,</strong></span> 
     </span>
     <span class='ocr_line' id='line_1_18' title="bbox 43 1483 976 1568; baseline -0.005 -27"><span class='ocrx_word' id='word_1_132' title='bbox 43 1487 116 1568; x_wconf 74' lang='lat' dir='ltr'><strong>qnod</strong></span> <span class='ocrx_word' id='word_1_133' title='bbox 134 1487 296 1558; x_wconf 87' lang='lat' dir='ltr'><strong>plerumque</strong></span> <span class='ocrx_word' id='word_1_134' title='bbox 315 1487 343 1540; x_wconf 91' lang='lat' dir='ltr'><strong>in</strong></span> <span class='ocrx_word' id='word_1_135' title='bbox 362 1501 411 1558; x_wconf 84' lang='lat' dir='ltr'><strong>spe</strong></span> <span class='ocrx_word' id='word_1_136' title='bbox 428 1485 555 1540; x_wconf 83' lang='lat' dir='ltr'><strong>victoriae</strong></span> <span class='ocrx_word' id='word_1_137' title='bbox 574 1483 698 1538; x_wconf 91' lang='lat' dir='ltr'><strong>accidere</strong></span> <span class='ocrx_word' id='word_1_138' title='bbox 718 1483 866 1554; x_wconf 81' lang='lat' dir='ltr'><strong>consuevit,</strong></span> <span class='ocrx_word' id='word_1_139' title='bbox 884 1483 976 1537; x_wconf 90' lang='lat' dir='ltr'><strong>acrius</strong></span> 
     </span>
    </p>
   </div>
   <div class='ocr_carea' id='block_1_4' title="bbox 42 1552 1055 1629">
    <p class='ocr_par' dir='ltr' id='par_1_6' title="bbox 42 1552 1055 1629">
     <span class='ocr_line' id='line_1_19' title="bbox 42 1552 1055 1629; baseline -0.004 -17"><span class='ocrx_word' id='word_1_140' title='bbox 42 1574 203 1629; x_wconf 73' lang='lat' dir='ltr'><strong>impugnare</strong></span> <span class='ocrx_word' id='word_1_141' title='bbox 212 1563 367 1628; x_wconf 88' lang='lat' dir='ltr'><strong>coeperunt.</strong></span> <span class='ocrx_word' id='word_1_142' title='bbox 398 1554 624 1625; x_wconf 88' lang='lat' dir='ltr'><strong>Hostesundique</strong></span> <span class='ocrx_word' id='word_1_143' title='bbox 632 1553 816 1623; x_wconf 85' lang='lat' dir='ltr'><strong>circumventi,</strong></span> <span class='ocrx_word' id='word_1_144' title='bbox 824 1552 975 1623; x_wconf 87' lang='lat' dir='ltr'><strong>desperatis</strong></span> <span class='ocrx_word' id='word_1_145' title='bbox 1050 1561 1055 1571; x_wconf 91' lang='grc'><em>“</em></span> 
     </span>
    </p>
   </div>
   <div class='ocr_carea' id='block_1_5' title="bbox 1 1623 1035 2955">
    <p class='ocr_par' dir='ltr' id='par_1_7' title="bbox 42 1623 974 1976">
     <span class='ocr_line' id='line_1_20' title="bbox 43 1623 974 1698; baseline -0.002 -18"><span class='ocrx_word' id='word_1_146' title='bbox 43 1627 171 1680; x_wconf 89' lang='lat' dir='ltr'><strong>omnibns</strong></span> <span class='ocrx_word' id='word_1_147' title='bbox 189 1626 277 1698; x_wconf 82' lang='lat' dir='ltr'><strong>rebus,</strong></span> <span class='ocrx_word' id='word_1_148' title='bbox 291 1644 321 1680; x_wconf 90' lang='lat' dir='ltr'><strong>se</strong></span> <span class='ocrx_word' id='word_1_149' title='bbox 338 1641 388 1697; x_wconf 88' lang='lat' dir='ltr'><strong>per</strong></span> <span class='ocrx_word' id='word_1_150' title='bbox 404 1625 568 1681; x_wconf 89' lang='lat' dir='ltr'><strong>munitiones</strong></span> <span class='ocrx_word' id='word_1_151' title='bbox 588 1624 707 1696; x_wconf 87' lang='lat' dir='ltr'><strong>dejicere</strong></span> <span class='ocrx_word' id='word_1_152' title='bbox 726 1631 754 1678; x_wconf 87' lang='lat' dir='ltr'><strong>et</strong></span> <span class='ocrx_word' id='word_1_153' title='bbox 774 1623 840 1692; x_wconf 84' lang='lat' dir='ltr'><strong>iuga</strong></span> <span class='ocrx_word' id='word_1_154' title='bbox 857 1623 974 1678; x_wconf 89' lang='lat' dir='ltr'><strong>salutern</strong></span> 
     </span>
     <span class='ocr_line' id='line_1_21' title="bbox 42 1693 974 1771; baseline -0.002 -21"><span class='ocrx_word' id='word_1_155' title='bbox 42 1707 136 1771; x_wconf 87' lang='lat' dir='ltr'><strong>petere</strong></span> <span class='ocrx_word' id='word_1_156' title='bbox 155 1696 335 1750; x_wconf 89' lang='lat' dir='ltr'><strong>intenderunt.</strong></span> <span class='ocrx_word' id='word_1_157' title='bbox 350 1722 352 1724; x_wconf 30' lang='lat' dir='ltr'>v</span> <span class='ocrx_word' id='word_1_158' title='bbox 371 1695 445 1755; x_wconf 82' lang='lat' dir='ltr'><strong>Quos</strong></span> <span class='ocrx_word' id='word_1_159' title='bbox 457 1695 594 1766; x_wconf 85' lang='lat' dir='ltr'><strong>equitatus</strong></span> <span class='ocrx_word' id='word_1_160' title='bbox 605 1693 784 1765; x_wconf 86' lang='lat' dir='ltr'><strong>apertissimis</strong></span> <span class='ocrx_word' id='word_1_161' title='bbox 794 1709 857 1746; x_wconf 88' lang='lat' dir='ltr'><strong>cam</strong></span> <span class='ocrx_word' id='word_1_162' title='bbox 877 1693 900 1746; x_wconf 90' lang='lat' dir='ltr'><strong>is</strong></span> <span class='ocrx_word' id='word_1_163' title='bbox 911 1710 974 1748; x_wconf 91' lang='lat' dir='ltr'><strong>oon·</strong></span> 
     </span>
     <span class='ocr_line' id='line_1_22' title="bbox 43 1763 974 1838; baseline -0.004 -17"><span class='ocrx_word' id='word_1_164' title='bbox 43 1774 171 1838; x_wconf 80' lang='lat' dir='ltr'><strong>sectatus,</strong></span> <span class='ocrx_word' id='word_1_165' title='bbox 185 1783 220 1820; x_wconf 86' lang='lat' dir='ltr'><strong>ex</strong></span> <span class='ocrx_word' id='word_1_166' title='bbox 227 1766 335 1820; x_wconf 90' lang='lat' dir='ltr'><strong>milium</strong></span> <span class='ocrx_word' id='word_1_167' title='bbox 343 1783 368 1820; x_wconf 76' lang='lat' dir='ltr'><strong>a.</strong></span> <span class='ocrx_word' id='word_1_168' title='bbox 377 1783 497 1835; x_wconf 88' lang='lat' dir='ltr'><strong>numero,</strong></span> <span class='ocrx_word' id='word_1_169' title='bbox 507 1781 578 1835; x_wconf 88' lang='lat' dir='ltr'><strong>quae</strong></span> <span class='ocrx_word' id='word_1_170' title='bbox 585 1767 653 1819; x_wconf 86' lang='lat' dir='ltr'><strong>exA</strong></span> <span class='ocrx_word' id='word_1_171' title='bbox 670 1763 865 1818; x_wconf 84' lang='lat' dir='ltr'><strong>uitaniaCanta</strong></span> <span class='ocrx_word' id='word_1_172' title='bbox 884 1763 974 1820; x_wconf 86' lang='lat' dir='ltr'><strong>risone</strong></span> 
     </span>
     <span class='ocr_line' id='line_1_23' title="bbox 43 1781 974 1917; baseline -0.005 -26"><span class='ocrx_word' id='word_1_173' title='bbox 43 1838 203 1917; x_wconf 73' lang='lat' dir='ltr'><strong>eonvenisse</strong></span> <span class='ocrx_word' id='word_1_174' title='bbox 215 1836 364 1917; x_wconf 77' lang='lat' dir='ltr'><strong>constabat,</strong></span> <span class='ocrx_word' id='word_1_175' title='bbox 376 1835 424 1890; x_wconf 82' lang='lat' dir='ltr'><strong>vix</strong></span> <span class='ocrx_word' id='word_1_176' title='bbox 435 1843 529 1908; x_wconf 88' lang='lat' dir='ltr'><strong>quarta</strong></span> <span class='ocrx_word' id='word_1_177' title='bbox 540 1843 617 1906; x_wconf 91' lang='lat' dir='ltr'><strong>parte</strong></span> <span class='ocrx_word' id='word_1_178' title='bbox 629 1781 729 1906; x_wconf 71' lang='lat' dir='ltr'><strong>relicta,</strong></span> <span class='ocrx_word' id='word_1_179' title='bbox 741 1833 829 1889; x_wconf 90' lang='lat' dir='ltr'><strong>multa</strong></span> <span class='ocrx_word' id='word_1_180' title='bbox 845 1824 974 1887; x_wconf 70' lang='lat' dir='ltr'><strong>nocte&#39;se</strong></span> 
     </span>
     <span class='ocr_line' id='line_1_24' title="bbox 43 1914 296 1976; baseline -0.004 -17"><span class='ocrx_word' id='word_1_181' title='bbox 43 1920 73 1959; x_wconf 89' lang='lat' dir='ltr'><strong>m</strong></span> <span class='ocrx_word' id='word_1_182' title='bbox 83 1914 172 1959; x_wconf 88' lang='lat' dir='ltr'><strong>castra</strong></span> <span class='ocrx_word' id='word_1_183' title='bbox 185 1914 296 1976; x_wconf 85' lang='lat' dir='ltr'><strong>recepit.</strong></span> 
     </span>
    </p>

    <p class='ocr_par' dir='ltr' id='par_1_8' title="bbox 42 1973 973 2379">
     <span class='ocr_line' id='line_1_25' title="bbox 79 1973 973 2044; baseline 0 -17"><span class='ocrx_word' id='word_1_184' title='bbox 79 1980 122 2028; x_wconf 80' lang='grc'><strong>27.</strong></span> <span class='ocrx_word' id='word_1_185' title='bbox 141 1975 200 2028; x_wconf 88' lang='lat' dir='ltr'><strong>Hac</strong></span> <span class='ocrx_word' id='word_1_186' title='bbox 216 1973 311 2028; x_wconf 87' lang='lat' dir='ltr'><strong>audita</strong></span> <span class='ocrx_word' id='word_1_187' title='bbox 322 1990 412 2043; x_wconf 88' lang='lat' dir='ltr'><strong>pugna</strong></span> <span class='ocrx_word' id='word_1_188' title='bbox 423 1974 618 2044; x_wconf 60' lang='lat' dir='ltr'><strong>maxima‘pars</strong></span> <span class='ocrx_word' id='word_1_189' title='bbox 629 1974 793 2044; x_wconf 88' lang='lat' dir='ltr'><strong>Aquitaniae</strong></span> <span class='ocrx_word' id='word_1_190' title='bbox 805 1989 867 2027; x_wconf 85' lang='lat' dir='ltr'><strong>sese</strong></span> <span class='ocrx_word' id='word_1_191' title='bbox 877 1974 973 2027; x_wconf 81' lang='lat' dir='ltr'><strong>Crasso</strong></span> 
     </span>
     <span class='ocr_line' id='line_1_26' title="bbox 42 2043 973 2114; baseline -0.003 -15"><span class='ocrx_word' id='word_1_192' title='bbox 42 2043 147 2100; x_wconf 90' lang='lat' dir='ltr'><strong>dedidit</strong></span> <span class='ocrx_word' id='word_1_193' title='bbox 166 2043 328 2114; x_wconf 89' lang='lat' dir='ltr'><strong>obsidesque</strong></span> <span class='ocrx_word' id='word_1_194' title='bbox 347 2043 416 2097; x_wconf 87' lang='lat' dir='ltr'><strong>ultro</strong></span> <span class='ocrx_word' id='word_1_195' title='bbox 434 2044 523 2113; x_wconf 73' lang='lat' dir='ltr'><strong>misit,</strong></span> <span class='ocrx_word' id='word_1_196' title='bbox 540 2060 594 2114; x_wconf 91' lang='lat' dir='ltr'><strong>quo</strong></span> <span class='ocrx_word' id='word_1_197' title='bbox 613 2044 642 2096; x_wconf 91' lang='lat' dir='ltr'><strong>in</strong></span> <span class='ocrx_word' id='word_1_198' title='bbox 659 2061 772 2098; x_wconf 91' lang='lat' dir='ltr'><strong>numero</strong></span> <span class='ocrx_word' id='word_1_199' title='bbox 789 2043 897 2097; x_wconf 88' lang='lat' dir='ltr'><strong>fuerunt</strong></span> <span class='ocrx_word' id='word_1_200' title='bbox 908 2044 973 2097; x_wconf 83' lang='lat' dir='ltr'><strong>Tar·</strong></span> 
     </span>
     <span class='ocr_line' id='line_1_27' title="bbox 42 2112 972 2186; baseline -0.001 -17"><span class='ocrx_word' id='word_1_201' title='bbox 42 2112 116 2186; x_wconf 81' lang='lat' dir='ltr'><strong>belli,</strong></span> <span class='ocrx_word' id='word_1_202' title='bbox 131 2113 307 2183; x_wconf 87' lang='lat' dir='ltr'><strong>Bigerriones,</strong></span> <span class='ocrx_word' id='word_1_203' title='bbox 321 2113 416 2184; x_wconf 89' lang='lat' dir='ltr'><strong>Ptiani,</strong></span> <span class='ocrx_word' id='word_1_204' title='bbox 428 2113 552 2184; x_wconf 87' lang='lat' dir='ltr'><strong>Vocates,</strong></span> <span class='ocrx_word' id='word_1_205' title='bbox 565 2113 719 2184; x_wconf 86' lang='lat' dir='ltr'><strong>Tarusates,</strong></span> <span class='ocrx_word' id='word_1_206' title='bbox 733 2114 866 2183; x_wconf 86' lang='lat' dir='ltr'><strong>Elusates,</strong></span> <span class='ocrx_word' id='word_1_207' title='bbox 880 2114 972 2185; x_wconf 87' lang='lat' dir='ltr'><strong>Gates,</strong></span> 
     </span>
     <span class='ocr_line' id='line_1_28' title="bbox 43 2182 973 2255; baseline -0.003 -15"><span class='ocrx_word' id='word_1_208' title='bbox 43 2184 136 2254; x_wconf 81' lang='lat' dir='ltr'><strong>Ausci,</strong></span> <span class='ocrx_word' id='word_1_209' title='bbox 158 2184 297 2255; x_wconf 85' lang='lat' dir='ltr'><strong>Garumni,</strong></span> <span class='ocrx_word' id='word_1_210' title='bbox 319 2182 467 2254; x_wconf 87' lang='lat' dir='ltr'><strong>Sibuzates,</strong></span> <span class='ocrx_word' id='word_1_211' title='bbox 489 2183 645 2237; x_wconf 88' lang='lat' dir='ltr'><strong>Cocosates:</strong></span> <span class='ocrx_word' id='word_1_212' title='bbox 670 2201 775 2255; x_wconf 88' lang='lat' dir='ltr'><strong>paucae</strong></span> <span class='ocrx_word' id='word_1_213' title='bbox 793 2183 907 2248; x_wconf 82' lang='lat' dir='ltr'><strong>ultimae</strong></span> <span class='ocrx_word' id='word_1_214' title='bbox 927 2200 973 2239; x_wconf 90' lang='lat' dir='ltr'><strong>na·</strong></span> 
     </span>
     <span class='ocr_line' id='line_1_29' title="bbox 43 2253 973 2377; baseline 0 -69"><span class='ocrx_word' id='word_1_215' title='bbox 43 2254 130 2377; x_wconf 70' lang='lat' dir='ltr'><strong>tionps</strong></span> <span class='ocrx_word' id='word_1_216' title='bbox 141 2253 205 2307; x_wconf 91' lang='lat' dir='ltr'><strong>anni</strong></span> <span class='ocrx_word' id='word_1_217' title='bbox 217 2261 338 2325; x_wconf 89' lang='lat' dir='ltr'><strong>ternpore</strong></span> <span class='ocrx_word' id='word_1_218' title='bbox 350 2253 475 2327; x_wconf 87' lang='lat' dir='ltr'><strong>confisae,</strong></span> <span class='ocrx_word' id='word_1_219' title='bbox 489 2253 561 2325; x_wconf 92' lang='lat' dir='ltr'><strong>quod</strong></span> <span class='ocrx_word' id='word_1_220' title='bbox 579 2253 668 2308; x_wconf 92' lang='lat' dir='ltr'><strong>hiems</strong></span> <span class='ocrx_word' id='word_1_221' title='bbox 685 2254 802 2325; x_wconf 88' lang='lat' dir='ltr'><strong>suberat,</strong></span> <span class='ocrx_word' id='word_1_222' title='bbox 816 2254 868 2308; x_wconf 91' lang='lat' dir='ltr'><strong>hoc</strong></span> <span class='ocrx_word' id='word_1_223' title='bbox 882 2254 973 2308; x_wconf 86' lang='lat' dir='ltr'><strong>lacere</strong></span> 
     </span>
     <span class='ocr_line' id='line_1_30' title="bbox 43 2331 634 2379; baseline -0.01 0"><span class='ocrx_word' id='word_1_224' title='bbox 43 2341 78 2379; x_wconf 91' lang='lat' dir='ltr'><strong>ne</strong></span> <span class='ocrx_word' id='word_1_225' title='bbox 108 2331 230 2378; x_wconf 85' lang='lat' dir='ltr'><strong>exerunt.</strong></span> <span class='ocrx_word' id='word_1_226' title='bbox 631 2334 634 2340; x_wconf 88' lang='lat'>·</span> 
     </span>
    </p>

    <p class='ocr_par' dir='ltr' id='par_1_9' title="bbox 1 2342 1035 2955">
     <span class='ocr_line' id='line_1_31' title="bbox 1 2342 974 2464; baseline 0 -16"><span class='ocrx_word' id='word_1_227' title='bbox 1 2445 2 2448; x_wconf 76' lang='grc'>,</span> <span class='ocrx_word' id='word_1_228' title='bbox 78 2342 122 2449; x_wconf 57' lang='grc' dir='ltr'><strong>ἕδ.</strong></span> <span class='ocrx_word' id='word_1_229' title='bbox 136 2393 241 2448; x_wconf 88' lang='lat' dir='ltr'><strong>Eodem</strong></span> <span class='ocrx_word' id='word_1_230' title='bbox 250 2393 307 2446; x_wconf 82' lang='lat' dir='ltr'><strong>sere</strong></span> <span class='ocrx_word' id='word_1_231' title='bbox 315 2401 436 2464; x_wconf 87' lang='lat' dir='ltr'><strong>ternpore</strong></span> <span class='ocrx_word' id='word_1_232' title='bbox 445 2395 551 2463; x_wconf 88' lang='lat' dir='ltr'><strong>Caesar,</strong></span> <span class='ocrx_word' id='word_1_233' title='bbox 561 2394 612 2447; x_wconf 88' lang='lat' dir='ltr'><strong>etsi</strong></span> <span class='ocrx_word' id='word_1_234' title='bbox 620 2410 703 2464; x_wconf 90' lang='lat' dir='ltr'><strong>prope</strong></span> <span class='ocrx_word' id='word_1_235' title='bbox 712 2401 808 2448; x_wconf 86' lang='lat' dir='ltr'><strong>exacta</strong></span> <span class='ocrx_word' id='word_1_236' title='bbox 818 2392 875 2463; x_wconf 88' lang='lat' dir='ltr'><strong>jam</strong></span> <span class='ocrx_word' id='word_1_237' title='bbox 883 2402 974 2448; x_wconf 87' lang='lat' dir='ltr'><strong>aestas</strong></span> 
     </span>
     <span class='ocr_line' id='line_1_32' title="bbox 43 2463 974 2536; baseline -0.001 -17"><span class='ocrx_word' id='word_1_238' title='bbox 43 2472 108 2536; x_wconf 80' lang='lat' dir='ltr'><strong>eret,</strong></span> <span class='ocrx_word' id='word_1_239' title='bbox 122 2473 214 2519; x_wconf 90' lang='lat' dir='ltr'><strong>tamen</strong></span> <span class='ocrx_word' id='word_1_240' title='bbox 225 2463 297 2535; x_wconf 91' lang='lat' dir='ltr'><strong>quod</strong></span> <span class='ocrx_word' id='word_1_241' title='bbox 309 2465 383 2518; x_wconf 91' lang='lat' dir='ltr'><strong>omni</strong></span> <span class='ocrx_word' id='word_1_242' title='bbox 395 2464 485 2518; x_wconf 85' lang='lat' dir='ltr'><strong>Gallia</strong></span> <span class='ocrx_word' id='word_1_243' title='bbox 496 2471 593 2534; x_wconf 86' lang='lat' dir='ltr'><strong>pecata</strong></span> <span class='ocrx_word' id='word_1_244' title='bbox 601 2464 701 2518; x_wconf 88' lang='lat' dir='ltr'><strong>Morini</strong></span> <span class='ocrx_word' id='word_1_245' title='bbox 709 2464 886 2535; x_wconf 86' lang='lat' dir='ltr'><strong>Menapiique</strong></span> <span class='ocrx_word' id='word_1_246' title='bbox 895 2480 974 2535; x_wconf 90' lang='lat' dir='ltr'><strong>supe·</strong></span> 
     </span>
     <span class='ocr_line' id='line_1_33' title="bbox 43 2533 974 2606; baseline -0.002 -17"><span class='ocrx_word' id='word_1_247' title='bbox 43 2543 140 2606; x_wconf 80' lang='lat' dir='ltr'><strong>rerunt,</strong></span> <span class='ocrx_word' id='word_1_248' title='bbox 153 2535 201 2604; x_wconf 91' lang='lat' dir='ltr'><strong>qni</strong></span> <span class='ocrx_word' id='word_1_249' title='bbox 212 2537 241 2591; x_wconf 89' lang='lat' dir='ltr'><strong>in</strong></span> <span class='ocrx_word' id='word_1_250' title='bbox 252 2535 336 2589; x_wconf 89' lang='lat' dir='ltr'><strong>armis</strong></span> <span class='ocrx_word' id='word_1_251' title='bbox 348 2542 441 2600; x_wconf 85' lang='lat' dir='ltr'><strong>essent</strong></span> <span class='ocrx_word' id='word_1_252' title='bbox 453 2551 542 2604; x_wconf 89' lang='lat' dir='ltr'><strong>neque</strong></span> <span class='ocrx_word' id='word_1_253' title='bbox 553 2534 589 2588; x_wconf 93' lang='lat' dir='ltr'><strong>ad</strong></span> <span class='ocrx_word' id='word_1_254' title='bbox 601 2550 666 2588; x_wconf 88' lang='lat' dir='ltr'><strong>eum</strong></span> <span class='ocrx_word' id='word_1_255' title='bbox 677 2551 808 2603; x_wconf 89' lang='lat' dir='ltr'><strong>umquam</strong></span> <span class='ocrx_word' id='word_1_256' title='bbox 823 2533 927 2602; x_wconf 87' lang='lat' dir='ltr'><strong>legatos</strong></span> <span class='ocrx_word' id='word_1_257' title='bbox 937 2534 974 2588; x_wconf 91' lang='lat' dir='ltr'><strong>de</strong></span> 
     </span>
     <span class='ocr_line' id='line_1_34' title="bbox 42 2602 974 2677; baseline -0.005 -16"><span class='ocrx_word' id='word_1_258' title='bbox 42 2621 112 2677; x_wconf 83' lang='lat' dir='ltr'><strong>pecs</strong></span> <span class='ocrx_word' id='word_1_259' title='bbox 124 2606 271 2676; x_wconf 88' lang='lat' dir='ltr'><strong>misissent,</strong></span> <span class='ocrx_word' id='word_1_260' title='bbox 284 2604 427 2660; x_wconf 84' lang='lat' dir='ltr'><strong>arbitratus</strong></span> <span class='ocrx_word' id='word_1_261' title='bbox 444 2605 473 2658; x_wconf 93' lang='lat' dir='ltr'><strong>id</strong></span> <span class='ocrx_word' id='word_1_262' title='bbox 492 2605 595 2660; x_wconf 87' lang='lat' dir='ltr'><strong>bellum</strong></span> <span class='ocrx_word' id='word_1_263' title='bbox 608 2602 731 2659; x_wconf 85' lang='lat' dir='ltr'><strong>celeriter</strong></span> <span class='ocrx_word' id='word_1_264' title='bbox 742 2603 838 2658; x_wconf 88' lang='lat' dir='ltr'><strong>confici</strong></span> <span class='ocrx_word' id='word_1_265' title='bbox 849 2620 929 2675; x_wconf 89' lang='lat' dir='ltr'><strong>posse</strong></span> <span class='ocrx_word' id='word_1_266' title='bbox 941 2621 974 2656; x_wconf 95' lang='lat' dir='ltr'><strong>eo</strong></span> 
     </span>
     <span class='ocr_line' id='line_1_35' title="bbox 43 2668 1035 2745; baseline -0.002 -17"><span class='ocrx_word' id='word_1_267' title='bbox 43 2675 193 2729; x_wconf 88' lang='lat' dir='ltr'><strong>exercitum</strong></span> <span class='ocrx_word' id='word_1_268' title='bbox 213 2675 325 2729; x_wconf 85' lang='lat' dir='ltr'><strong>adduxit</strong></span> <span class='ocrx_word' id='word_1_269' title='bbox 332 2692 340 2744; x_wconf 83' lang='lat'><em>3</em></span> <span class='ocrx_word' id='word_1_270' title='bbox 363 2676 411 2745; x_wconf 93' lang='lat' dir='ltr'><strong>qui</strong></span> <span class='ocrx_word' id='word_1_271' title='bbox 435 2674 514 2743; x_wconf 90' lang='lat' dir='ltr'><strong>louge</strong></span> <span class='ocrx_word' id='word_1_272' title='bbox 537 2675 593 2728; x_wconf 90' lang='lat' dir='ltr'><strong>alia</strong></span> <span class='ocrx_word' id='word_1_273' title='bbox 615 2674 716 2727; x_wconf 88' lang='lat' dir='ltr'><strong>ratione</strong></span> <span class='ocrx_word' id='word_1_274' title='bbox 736 2690 770 2727; x_wconf 92' lang='lat' dir='ltr'><strong>ac</strong></span> <span class='ocrx_word' id='word_1_275' title='bbox 788 2673 884 2743; x_wconf 90' lang='lat' dir='ltr'><strong>reliqui</strong></span> <span class='ocrx_word' id='word_1_276' title='bbox 903 2673 976 2727; x_wconf 88' lang='lat' dir='ltr'><strong>Galli</strong></span> <span class='ocrx_word' id='word_1_277' title='bbox 1027 2668 1035 2683; x_wconf 76' lang='lat'><strong><em>⁹</em></strong></span> 
     </span>
     <span class='ocr_line' id='line_1_36' title="bbox 43 2743 976 2815; baseline -0.002 -16"><span class='ocrx_word' id='word_1_278' title='bbox 43 2743 147 2800; x_wconf 85' lang='lat' dir='ltr'><strong>bellurn</strong></span> <span class='ocrx_word' id='word_1_279' title='bbox 163 2760 257 2813; x_wconf 89' lang='lat' dir='ltr'><strong>gerere</strong></span> <span class='ocrx_word' id='word_1_280' title='bbox 276 2761 325 2798; x_wconf 90' lang='lat' dir='ltr'><strong>coe</strong></span> <span class='ocrx_word' id='word_1_281' title='bbox 362 2751 432 2815; x_wconf 81' lang='lat' dir='ltr'><strong>runt.</strong></span> <span class='ocrx_word' id='word_1_282' title='bbox 467 2745 541 2798; x_wconf 90' lang='lat' dir='ltr'><strong>Nam</strong></span> <span class='ocrx_word' id='word_1_283' title='bbox 556 2744 629 2814; x_wconf 89' lang='lat' dir='ltr'><strong>quod</strong></span> <span class='ocrx_word' id='word_1_284' title='bbox 641 2743 827 2813; x_wconf 90' lang='lat' dir='ltr'><strong>intelligebant</strong></span> <span class='ocrx_word' id='word_1_285' title='bbox 839 2743 976 2797; x_wconf 78' lang='lat' dir='ltr'><strong>maximas</strong></span> 
     </span>
     <span class='ocr_line' id='line_1_37' title="bbox 43 2813 973 2884; baseline -0.001 -16"><span class='ocrx_word' id='word_1_286' title='bbox 43 2813 172 2883; x_wconf 81' lang='lat' dir='ltr'><strong>ustiones,</strong></span> <span class='ocrx_word' id='word_1_287' title='bbox 185 2830 257 2883; x_wconf 88' lang='lat' dir='ltr'><strong>quae</strong></span> <span class='ocrx_word' id='word_1_288' title='bbox 268 2829 332 2884; x_wconf 87' lang='lat' dir='ltr'><strong>pme</strong></span> <span class='ocrx_word' id='word_1_289' title='bbox 344 2813 369 2866; x_wconf 94' lang='lat' dir='ltr'><strong>io</strong></span> <span class='ocrx_word' id='word_1_290' title='bbox 377 2813 587 2883; x_wconf 87' lang='lat' dir='ltr'><strong>contendissent,</strong></span> <span class='ocrx_word' id='word_1_291' title='bbox 617 2813 690 2868; x_wconf 87' lang='lat' dir='ltr'><strong>uisas</strong></span> <span class='ocrx_word' id='word_1_292' title='bbox 698 2823 893 2884; x_wconf 87' lang='lat' dir='ltr'><strong>superatasque</strong></span> <span class='ocrx_word' id='word_1_293' title='bbox 902 2830 973 2884; x_wconf 87' lang='lat' dir='ltr'><strong>esse,</strong></span> 
     </span>
     <span class='ocr_line' id='line_1_38' title="bbox 43 2831 975 2955; baseline 0.001 -18"><span class='ocrx_word' id='word_1_294' title='bbox 43 2882 266 2954; x_wconf 89' lang='lat' dir='ltr'><strong>continentesque</strong></span> <span class='ocrx_word' id='word_1_295' title='bbox 285 2883 369 2937; x_wconf 83' lang='lat' dir='ltr'><strong>silvas</strong></span> <span class='ocrx_word' id='word_1_296' title='bbox 385 2899 419 2936; x_wconf 87' lang='lat' dir='ltr'><strong>ae</strong></span> <span class='ocrx_word' id='word_1_297' title='bbox 431 2882 546 2954; x_wconf 89' lang='lat' dir='ltr'><strong>paludes</strong></span> <span class='ocrx_word' id='word_1_298' title='bbox 557 2831 702 2954; x_wconf 72' lang='lat' dir='ltr'><strong>halabant,</strong></span> <span class='ocrx_word' id='word_1_299' title='bbox 716 2900 748 2936; x_wconf 93' lang='lat' dir='ltr'><strong>eo</strong></span> <span class='ocrx_word' id='word_1_300' title='bbox 761 2900 791 2937; x_wconf 89' lang='lat' dir='ltr'><strong>se</strong></span> <span class='ocrx_word' id='word_1_301' title='bbox 803 2900 907 2955; x_wconf 87' lang='lat' dir='ltr'><strong>suaque</strong></span> <span class='ocrx_word' id='word_1_302' title='bbox 918 2899 975 2938; x_wconf 88' lang='lat' dir='ltr'><strong>cm·</strong></span> 
     </span>
    </p>
   </div>
   <div class='ocr_carea' id='block_1_6' title="bbox 75 3067 773 3132">
    <p class='ocr_par' dir='ltr' id='par_1_10' title="bbox 75 3067 773 3132">
     <span class='ocr_line' id='line_1_39' title="bbox 75 3067 773 3132; baseline 0.001 -14"><span class='ocrx_word' id='word_1_303' title='bbox 75 3067 161 3118; x_wconf 86' lang='lat' dir='ltr'><strong>¹That</strong></span> <span class='ocrx_word' id='word_1_304' title='bbox 171 3068 203 3128; x_wconf 86' lang='lat' dir='ltr'><strong>is,</strong></span> <span class='ocrx_word' id='word_1_305' title='bbox 218 3067 403 3132; x_wconf 83' lang='lat' dir='ltr'><strong>‘incessantly,&#39;</strong></span> <span class='ocrx_word' id='word_1_306' title='bbox 416 3084 445 3118; x_wconf 88' lang='lat' dir='ltr'><strong>or</strong></span> <span class='ocrx_word' id='word_1_307' title='bbox 457 3069 578 3119; x_wconf 86' lang='lat' dir='ltr'><strong>‘without</strong></span> <span class='ocrx_word' id='word_1_308' title='bbox 589 3069 773 3119; x_wconf 69' lang='lat' dir='ltr'><strong>intermission!</strong></span> 
     </span>
    </p>
   </div>
   <div class='ocr_carea' id='block_1_7' title="bbox 48 3155 976 3281">
    <p class='ocr_par' dir='ltr' id='par_1_11' title="bbox 48 3155 976 3281">
     <span class='ocr_line' id='line_1_40' title="bbox 48 3155 976 3281; baseline 0.002 -73"><span class='ocrx_word' id='word_1_309' title='bbox 48 3155 240 3281; x_wconf 43' lang='lat' dir='ltr'><strong>‘nztlsptapitlgsspq</strong></span> <span class='ocrx_word' id='word_1_310' title='bbox 250 3157 293 3209; x_wconf 86' lang='lat' dir='ltr'><strong>the</strong></span> <span class='ocrx_word' id='word_1_311' title='bbox 308 3173 377 3210; x_wconf 86' lang='lat' dir='ltr'><strong>same</strong></span> <span class='ocrx_word' id='word_1_312' title='bbox 393 3173 421 3209; x_wconf 83' lang='lat' dir='ltr'><strong>as</strong></span> <span class='ocrx_word' id='word_1_313' title='bbox 436 3174 485 3209; x_wconf 82' lang='lat' dir='ltr'><strong>son</strong></span> <span class='ocrx_word' id='word_1_314' title='bbox 500 3158 591 3208; x_wconf 65' lang='lat' dir='ltr'><strong>emtas.-</strong></span> <span class='ocrx_word' id='word_1_315' title='bbox 610 3155 663 3207; x_wconf 84' lang='lat' dir='ltr'><strong>that</strong></span> <span class='ocrx_word' id='word_1_316' title='bbox 679 3156 710 3216; x_wconf 87' lang='lat' dir='ltr'><strong>is,</strong></span> <span class='ocrx_word' id='word_1_317' title='bbox 725 3161 783 3208; x_wconf 85' lang='lat' dir='ltr'><strong>‘not</strong></span> <span class='ocrx_word' id='word_1_318' title='bbox 794 3158 936 3218; x_wconf 83' lang='lat' dir='ltr'><strong>woruout,&#39;</strong></span> <span class='ocrx_word' id='word_1_319' title='bbox 947 3171 976 3210; x_wconf 85' lang='lat' dir='ltr'><strong>or</strong></span> 
     </span>
    </p>
   </div>
   <div class='ocr_carea' id='block_1_8' title="bbox 0 0 1075 3742">
    <p class='ocr_par' dir='ltr' id='par_1_12' title="bbox 0 0 1075 3742">
     <span class='ocr_line' id='line_1_41' title="bbox 0 0 1075 3742; baseline 0 0"><span class='ocrx_word' id='word_1_320' title='bbox 0 0 1075 3742; x_wconf 95' lang='lat' dir='ltr'><strong> </strong></span> 
     </span>
    </p>
   </div>
  </div>
 </body>
</html>
