2146 3704
80 186 137 266 100
381 221 423 262 uu
444 220 542 262 sunno
563 217 702 261 caturco.

98 348 162 387 uam
180 344 242 387 esse
259 324 367 401 impen'i
384 330 431 383 aut
450 329 590 400 potestatis
607 337 680 382 trans
696 324 823 381 Rhenum
838 322 1008 400 postulsrstl

105 401 143 457 bii
161 408 263 471 autem,
275 400 322 481 qui
340 399 387 453 uni
405 416 440 452 ex
458 398 671 453 Transrhenanis
687 397 722 450 ad
741 397 887 450 Caesarem
904 395 1009 464 legatos

78 471 216 542 miserant,
234 469 383 524 amicitiam
407 468 539 539 feceranq·
556 469 666 522 obsides
682 465 821 534 dederant,
841 481 1009 535 magnopere

78 541 199 612 orabant,
212 549 242 596 ut
255 539 306 594 sibi
318 539 450 593 auxilinm
462 539 551 609 ferret,
565 538 636 609 quod
653 536 770 608 graviter
787 535 823 589 ab
838 535 936 591 Sueris
947 551 1008 606 prc-

78 618 232 682 merentur3
250 608 295 663 vel
313 609 337 663 si
349 609 377 662 id
390 610 481 663 iacere
499 607 719 679 occupationibus
735 606 775 660 rei
792 605 932 676 publica&
949 620 1009 676 prn-

79 681 225 750 hahetur,
244 679 396 733 exercitum
418 679 500 733 modo
522 678 651 733 Rhenum
672 683 880 748 transportaret:
900 675 929 728 id
955 654 1051 728 sibils

79 751 115 804 ad
126 751 260 804 auxilium
271 765 404 819 spemque
423 748 519 819 reliqui
538 749 667 820 temporis
685 746 750 801 satis
767 745 900 799 futurum.
936 745 1008 798 Tan·

79 831 140 875 tum
162 837 224 874 esse
247 835 347 872 nornen
371 827 487 889 atquefo
508 818 625 872 'nionern
643 816 703 888 ejus
719 816 855 870 exercitus
872 814 1008 868 Ariouisto

78 890 156 960 pulso
168 898 196 942 et
208 888 260 942 hoo
271 887 417 943 novissimo
429 903 493 958 prae
505 887 613 942 iofacto
621 888 704 941 etiam
715 886 761 941 ad’
771 885 883 939 ultimas
891 885 1005 938 Germa·

78 975 175 1013 norum
186 958 369 1026 nationes-uti
387 957 512 1028 opinione
530 966 559 1012 et
575 957 696 1011 amicitia
713 955 805 1028 pupuli
822 955 936 1008 Romani
956 953 1007 1007 tuti

78 1044 141 1081 csse
158 1026 270 1108 possint.
305 1027 426 1081 Navium
444 1043 574 1098 magnam
590 1027 699 1098 copiam
715 1025 751 1081 ad
770 1023 1007 1096 transportandum

78 1106 228 1152 exeronuru
240 1095 444 1167 pollicebantur.

116 1171 158 1221 17.
176 1168 276 1221 Caesar
299 1167 342 1220 his
365 1167 401 1221 de
425 1167 522 1237 causis,
541 1183 612 1237 quas
633 1163 854 1234 commemorari,
877 1163 1008 1218 Rhenum

77 1237 191 1291 transire
209 1235 374 1308 decreverat,
394 1236 444 1291 sed
461 1235 576 1290 naribus
594 1238 705 1290 transire
723 1251 813 1306 neque
831 1233 897 1287 satis
915 1241 1008 1288 tutum

78 1322 140 1360 esse
151 1304 331 1360 arbitrabatur
341 1324 432 1377 neque
443 1322 510 1361 suae
522 1322 612 1377 neque
629 1305 723 1429 populi
740 1303 854 1359 Romani
866 1303 1007 1372 dignitatis
1029 1344 1032 1348 .

77 1391 139 1430 esse
151 1375 295 1430 statuebat.
331 1377 435 1448 ltaque,
445 1376 496 1430 etsi
509 1393 617 1431 summa
648 1376 656 1429 i
688 1375 774 1429 cultas
785 1373 904 1429 faciendi
915 1373 1007 1444 pontis

76 1443 919 1517 proponebatur’propterlatitudinent‚rapiditatemaltitudine
969 1459 1016 1510 ue·

75 1515 206 1588 fluminis,
220 1524 313 1571 tamen
332 1516 360 1571 id
378 1516 431 1571 sibi
448 1516 675 1587 contendendum,
693 1523 741 1569 aut
758 1514 837 1568 aliter
848 1530 901 1567 non
913 1521 954 1566 tra
974 1529 1005 1567 u·

76 1585 196 1640 cendum
213 1585 363 1641 exercitum
381 1586 563 1641 existimabat.
598 1586 740 1640 Rationem
764 1586 853 1656 pontis
875 1583 947 1637 hanc
964 1582 1005 1639 iu·

75 1655 172 1722 stituit.
260 1673 294 1709 na
306 1656 370 1710 hina
382 1657 472 1727 sesqui
508 1656 599 1726 dalia,⁴
610 1655 722 1737 paulum
733 1655 769 1709 ab
781 1655 836 1708 imo
847 1660 1004 1727 praeacuta,

75 1723 201 1780 dimensa
217 1742 234 1779 a
270 1725 442 1781 altitudinem
481 1726 591 1797 uminis,
608 1724 749 1779 mtervallo
766 1723 869 1796 pedum
887 1722 1004 1778 duorum

74 1793 145 1848 inter
163 1810 195 1849 se
211 1795 351 1866 jungebat.
388 1796 463 1850 llaec
481 1812 546 1850 cum
563 1794 811 1850 machinationibus
830 1793 955 1848 immissa
974 1792 1004 1847 in

73 1862 179 1922 numen
190 1864 323 1919 defixerat
334 1865 493 1936 fistucisque
510 1864 639 1935 adegerat
657 1881 711 1919 non
729 1863 851 1918 sublicae
869 1862 950 1918 modo
962 1861 1002 1916 di-

73 1939 148 1986 recte
160 1933 196 1986 ad
207 1933 442 2005 perpendiculum,
456 1933 504 1987 sed
516 1951 599 2004 prone
617 1951 650 1988 ao
662 1933 796 2005 fastigata,
809 1943 839 1988 ut
851 1931 1004 1987 secuudum

72 2008 198 2056 naturam
216 2001 339 2056 fluminis
356 2003 571 2073 procumberent,
589 2003 634 2075 his
651 2004 718 2058 item
735 2003 867 2058 contraria
889 2003 944 2057 duo
967 1998 1051 2063 adt‘

73 2068 194 2126 eundern
211 2069 324 2127 modurn
346 2070 441 2143 iuncta
459 2073 600 2130 interuallo
618 2072 722 2144 pedum
758 2073 944 2143 uadragenum
967 2071 1004 2127 ab

72 2140 199 2195 inferiora
210 2148 287 2211 parte
303 2150 395 2195 contra
407 2143 466 2196 vim
483 2150 566 2213 atqua
585 2143 622 2197 iun
642 2150 718 2198 etum
735 2090 855 2198 Ruminis
873 2157 1004 2197 conversa

72 2208 219 2290 statuebat.
256 2209 332 2264 Haeo
350 2212 475 2282 utraque⁶
492 2212 603 2284 insuper
620 2160 792 2283 bipedalibus
810 2213 933 2267 trabibus
953 2213 1004 2265 irn-

71 2295 172 2351 missua
197 2289 331 2351 quantum
355 2298 449 2337 eorum
473 2280 608 2352 tignorum
629 2282 755 2364 junctura
778 2282 904 2353 distabat,
930 2281 1006 2338 binis

71 2348 210 2423 utrimque
221 2349 314 2406 fibulis
325 2350 362 2406 ab
373 2360 497 2407 extrema
515 2360 591 2422 parte
608 2352 805 2406 distinebantur
811 2370 820 2423 3
836 2352 937 2424 quihus
948 2351 1006 2405 dis·

73 2416 159 2496 clusis
169 2427 253 2491 atqua
265 2420 294 2475 in
306 2421 467 2476 contrariam
478 2430 584 2493 partem
600 2422 729 2477 retinetis
746 2431 820 2476 tanta
838 2431 896 2476 erat
913 2420 1005 2493 operia

82 2536 166 2612 ΠΜ
179 2544 290 2609 polim
305 2543 327 2592 is
345 2542 389 2593 the
406 2544 528 2606 objectiva
547 2546 669 2654 {unitivas
686 2547 720 2608 hy
738 2548 781 2596 the
799 2547 959 2608 oocupations
977 2545 1005 2607 lu

69 2601 152 2653 arhrclr
163 2601 196 2651 lue
205 2619 258 2652 was
269 2603 382 2665 engaged
390 2603 429 2654 for
438 2605 480 2653 tlse
491 2618 551 2665 repu
569 2606 609 2654 lta

100 2675 160 2724 ’Aa
174 2676 196 2724 is
211 2675 270 2725 here
280 2677 343 2726 used
353 2678 380 2726 iu
388 2677 432 2726 the
442 2693 516 2727 sense
526 2677 641 2741 usupra&
656 2679 700 2729 but
711 2681 745 2729 ud
758 2689 783 2728 at
799 2679 842 2727 the
858 2695 927 2728 sanae
942 2679 1005 2728 time

70 2735 234 2842 aepttqilqssswtpe
245 2736 309 2792 idea,
319 2737 372 2785 that
383 2736 499 2824 Gaesur's
507 2737 573 2787 farne
584 2737 633 2786 had
640 2741 780 2803 penetraturi
790 2738 864 2788 tutha
875 2747 941 2787 most
952 2734 1003 2788 dis-

98 2859 313 2928 ⁸Prcpoaehatar5
330 2867 384 2916 that
394 2867 425 2924 is,
438 2872 506 2917 ‘was
516 2868 604 2928 placed
612 2869 696 2920 belone
706 2869 745 2920 his
755 2886 815 2931 eyes
822 2869 839 2928 ς’
846 2871 956 2932 hemely,
968 2872 1003 2932 by

69 2923 142 2975 those
151 2924 236 2973 whom
246 2925 278 2974 he
288 2925 427 2984 consultum,
440 2927 488 2976 and
498 2928 555 2978 who
565 2929 640 2978 knew
650 2930 693 2979 the
703 2930 754 2980 real
764 2940 829 2979 state
838 2930 868 2980 cl
879 2929 974 2992 things.

98 2998 183 3071 ⁴'l'wq
199 2997 248 3046 feet
267 2999 313 3048 and
330 2998 419 3057 shall,
431 3001 539 3063 namely,
552 3003 577 3052 in
592 3003 734 3053 thicknessr
746 3005 801 3065 inst
817 3020 845 3053 as
861 3003 1004 3061 below,tba

68 3061 146 3108 trah
154 3060 271 3122 redata
283 3072 325 3109 aro
335 3060 421 3111 bemus
431 3059 460 3110 of
470 3069 522 3110 two
531 3062 581 3112 fect
591 3063 617 3113 iu
627 3063 762 3113 thickness.

98 3133 109 3163 ⁸
119 3131 236 3193 Namely‚
247 3132 319 3202 those
331 3133 410 3203 inuthe
419 3150 497 3196 upper
506 3136 554 3185 aud
564 3136 607 3186 the
618 3136 694 3186 lower
702 3147 755 3199 part
766 3137 795 3186 oi
801 3137 844 3186 tho
853 3137 927 3188 river.
945 3135 1003 3191 '1'th

68 3190 120 3239 real
130 3200 215 3260 nature
226 3190 255 3240 of
265 3192 316 3241 tlus
327 3193 413 3255 brudge
423 3205 512 3245 cannot
523 3197 555 3244 be
565 3195 694 3245 described
704 3211 773 3246 more
784 3196 875 3258 clearly
883 3197 910 3247 in
920 3194 1004 3247 words

69 3248 129 3316 than
139 3258 158 3297 rt
169 3265 190 3298 rs
201 3250 265 3299 done
276 3252 334 3301 here
345 3255 362 3301 b
389 3253 482 3302 Caesar
492 3254 596 3304 himself
599 3269 606 3312 ;
623 3257 668 3304 but
684 3255 726 3304 the
743 3256 854 3305 annexed
865 3272 897 3305 en
927 3255 1002 3316 using

69 3307 119 3354 will
132 3307 191 3366 help
202 3317 229 3356 to
238 3311 337 3370 explain
347 3269 389 3362 rba
400 3313 509 3374 chapter.
540 3313 597 3364 Tho
612 3313 681 3375 place
692 3316 775 3366 where
785 3316 835 3367 this
851 3316 888 3367 bri
923 3331 1002 3365 ewaa
