2146 3704
456 122 549 164 mauu
568 124 608 164 vr.
674 148 677 151 ,
936 104 990 164 161

69 232 147 289 nodis
164 230 337 301 articulisque
354 229 468 285 babent:
487 248 576 300 neque
593 229 694 301 quietis
704 247 787 285 causa
804 232 992 303 procumbunt,

69 319 168 374 neque,
181 304 205 358 si
217 319 269 372 quo
281 301 399 355 afflictae
411 318 477 354 casu
496 300 667 372 conciderint,
680 300 782 369 erigere
800 318 860 355 sesa
878 311 925 356 aut
933 303 995 358 sub

69 373 164 434 levare,
179 381 298 442 possunt.
334 371 384 424 His
399 380 460 424 sunt
480 369 588 424 arbores
606 388 652 439 pro
672 371 822 424 cubilibus:
841 372 876 424 ad
897 389 944 425 eas
964 389 994 426 se

68 443 213 514 applicant,
225 451 307 511 atque
327 441 372 510 ita,
392 441 515 510 paullum
536 440 616 493 modo
637 440 790 510 reclinatae,
811 440 932 510 quietem
951 459 994 495 ca·

68 515 162 584 piunt:
181 528 295 581 quarum
308 527 343 564 ex
354 511 475 579 vestigiis
485 526 570 578 quum
588 519 630 563 est
641 509 860 564 animadversum
879 527 897 563 a
914 528 995 564 vena·

68 582 179 650 toribus,
200 597 253 650 quo
272 598 302 634 se
322 581 441 650 recipere
459 580 619 650 consuerint,
639 597 735 634 omnes
757 597 790 633 eo
813 580 871 633 loco
894 589 942 634 aut
959 580 995 635 ab

68 651 205 707 radicibus
227 650 366 719 subruunt,
384 659 431 703 aut
448 649 574 702 accidunt
592 650 700 703 arbores
719 658 830 724 tantum,
841 659 871 703 ut
888 667 996 704 summa

67 721 185 791 species¹
196 736 289 774 earum
308 720 436 772 stantium
455 719 627 789 relinquatur.
663 720 724 773 Huc
735 736 822 790 quum
839 737 869 773 se
884 737 997 774 consue·

67 790 163 845 tudine
182 789 375 858 reclinaverint,
389 789 508 842 infirmas
519 790 627 843 arbores
643 789 761 860 pondere
773 789 896 860 affligunt
914 800 996 860 atque

67 877 122 916 una
134 861 209 930 ipsae
221 859 372 913 concidunt.

55 957 64 978 -,
103 934 147 983 28.
167 929 288 982 Tertium
301 936 342 980 est
353 945 440 996 genus
451 944 552 997 eorum,
565 929 612 997 qui
625 929 674 982 uri²
685 929 861 999 appellantur.
890 930 924 983 Hi
934 937 997 984 sunt

67 997 255 1070 magnitudine
267 998 356 1068 paullo
364 997 432 1051 inira
441 998 613 1067 elephantos,
632 1000 722 1069 specie
735 1008 761 1052 et
773 999 860 1052 colore
873 1007 900 1052 et
911 999 997 1068 figura

69 1069 146 1123 tauri.
183 1069 285 1136 Magna
297 1069 339 1121 vis
356 1085 449 1121 eorum
468 1077 494 1121 et
512 1085 611 1136 magna
623 1068 765 1122 velocitas:
784 1085 873 1139 neque
886 1068 995 1139 homini,

67 1156 158 1210 neque
171 1137 253 1203 serae,
267 1155 348 1207 quam
361 1139 554 1207 conspexerint,
568 1147 688 1208 parcunt.
713 1139 768 1193 Hos
780 1138 898 1192 studiose
911 1137 997 1192 foveis

68 1218 161 1279 captos
184 1208 353 1260 interficiunt.
390 1208 447 1260 Hoc
471 1224 500 1259 se
524 1208 614 1261 labore
634 1208 731 1261 durant
751 1209 876 1262 homines
893 1208 997 1262 adoles-

68 1288 163 1333 centes
174 1288 255 1346 atque
274 1277 325 1329 hoc
342 1293 440 1344 genere
453 1276 601 1329 venationis
613 1286 754 1344 exercent,
773 1287 800 1329 et
812 1277 858 1344 qui
869 1277 998 1346 plurimos

68 1365 103 1401 ex
120 1348 165 1402 his
183 1346 381 1415 interfecerunt,
396 1345 486 1398 relatis
505 1346 532 1398 in
571 1345 689 1398 ublicum
707 1345 841 1413 cornibus,
854 1362 926 1415 quae
945 1347 997 1399 sint

69 1417 229 1486 testimonio,
242 1433 369 1484 magnam
388 1414 476 1468 serunt
494 1414 538 1466 lau
559 1431 612 1467 em.
648 1414 701 1468 Sed
719 1415 880 1467 adsuescere
898 1416 933 1468 ad
951 1414 998 1468 ho·

69 1487 159 1541 mines
182 1495 209 1538 et
232 1486 404 1539 mansuefieri
428 1502 463 1537 ne
486 1483 589 1553 parvuli
612 1483 723 1553 quidem
744 1485 851 1554 excepti
869 1484 999 1554 possunt.¹

70 1555 226 1627 Amplitudo
239 1572 368 1608 comuum
381 1563 408 1607 et
420 1555 505 1622 figura
523 1562 550 1606 et
569 1555 675 1623 species
685 1554 802 1607 multum
820 1572 837 1606 a
849 1563 998 1608 nostrorum

69 1626 152 1680 boum
172 1625 297 1678 cornibus
317 1624 414 1676 differt.
451 1624 526 1676 Haec
546 1624 664 1676 studiose
684 1625 834 1693 conquisita
855 1624 891 1677 ab
909 1623 998 1677 labris⁴

70 1705 179 1764 argento
191 1693 405 1750 circumcludunt
417 1701 497 1763 atque
510 1693 539 1746 in
549 1693 724 1764 amplissimis
737 1694 824 1766 epulis
835 1710 882 1764 pro
894 1693 998 1764 poculis

70 1775 187 1818 utuntur.

105 1840 148 1888 29.
186 1835 292 1901 Caesar,
316 1841 460 1902 postquam
485 1850 533 1902 per
555 1833 640 1888 Ubios
663 1833 841 1904 exploratores
867 1826 997 1903 comperit

71 1904 172 1957 Suevos
197 1921 256 1956 sese
281 1903 307 1955 in
332 1903 413 1955 silvas
437 1905 579 1973 recepisse,
601 1904 717 1974 inopiam
738 1904 865 1958 frumenti
886 1905 995 1973 veritus,

71 1974 150 2043 qnod,
164 1982 192 2026 ut
205 1990 285 2041 supra
297 1971 546 2043 demonstravimus,
560 1973 671 2026 minime
683 1991 778 2026 omnes
790 1974 917 2027 Germani
929 1972 998 2042 agri·

71 2045 190 2096 culturae
215 2043 331 2108 student,
353 2043 488 2094 constituit
512 2060 563 2095 non
588 2043 709 2120 progredi
732 2043 852 2112 longius,
880 2043 936 2113 sed,
961 2059 996 2095 ne

70 2114 186 2174 omnino,
198 2121 302 2164 metum
319 2111 419 2163 reditus
437 2111 478 2162 sni
496 2111 613 2163 barbaris
632 2110 742 2179 tolleret,
755 2120 837 2179 atque
855 2121 884 2164 ut
904 2128 997 2164 eorum

69 2182 168 2235 auxilia
193 2181 316 2250 tardaret,
341 2179 451 2233 reducto
472 2179 599 2249 exercitu,
624 2189 729 2248 partem
752 2180 876 2232 ultimam
899 2180 994 2250 pontis,

70 2268 139 2320 quae
164 2252 235 2320 ripas
264 2251 391 2304 Ubiorum
421 2248 598 2318 contingebat,
622 2249 649 2301 in
679 2248 872 2317 longitudinem
896 2249 997 2319 pedum

71 2336 112 2374 cc.
134 2320 276 2388 rescindit,
299 2328 382 2388 atque
405 2319 433 2370 in
457 2327 577 2370 extremo
600 2326 680 2388 ponte
699 2318 792 2371 turrim
817 2316 996 2371 tabulatorum

70 2401 182 2460 quatuor
210 2390 347 2442 constituit
382 2387 602 2458 praesidiumque
639 2385 790 2439 cohortium
824 2404 875 2439 x11.
905 2387 994 2456 pontis

70 2462 162 2514 tuendi
192 2476 273 2512 causa
303 2457 383 2528 ponit,
408 2458 565 2525 magnisque
595 2473 659 2508 eum
689 2455 779 2509 locum
803 2455 996 2509 munitionibus

68 2529 164 2583 firmat.
202 2530 236 2583 Ei
255 2529 313 2581 loco
337 2526 521 2598 praesidioque
545 2527 574 2578 C.
593 2525 745 2579 Volcatium
765 2525 874 2579 Tullum
893 2524 996 2579 adoles·

97 2712 106 2742 ¹
116 2710 212 2758 Summa
220 2712 326 2772 speciem
344 2710 397 2757 that
408 2709 438 2766 is,
454 2707 511 2756 ‘the
522 2707 620 2769 general
631 2709 732 2768 aspect!

97 2796 186 2845 ’Urna
203 2797 223 2844 is
235 2813 250 2844 a
261 2797 369 2844 German
381 2794 449 2844 word
460 2794 509 2850 (tlte
526 2794 571 2843 full
588 2794 650 2844 form
667 2795 688 2843 is
705 2799 827 2844 ouer-octa
842 2810 870 2843 or
880 2797 993 2852 atr-oolla),

69 2855 117 2904 and
127 2855 236 2917 significa
247 2872 262 2903 a
275 2856 415 2905 ‘mountain
426 2855 486 2903 bull’
499 2870 526 2904 or
539 2854 612 2903 ‘wild
623 2854 691 2903 bull’

98 2941 210 3000 'Caesar
220 2942 278 2990 hero
289 2943 411 2991 mentions
422 2941 480 3002 only
491 2942 533 3000 the
544 2957 628 3002 young
639 2942 688 2997 cri,
699 2941 746 2988 and
758 2940 845 2989 allows
856 2939 898 2988 the
909 2938 996 2990 render

70 3009 95 3049 to
106 2999 172 3050 draw
184 3001 222 3050 his
234 3017 290 3049 own
301 3001 455 3050 conclusione
466 3001 606 3061 respecting
616 2999 657 3046 the
668 2998 709 3047 old
719 3015 787 3047 ones.

69 3161 85 3195 ο
98 3087 237 3195 iAltlibm
246 3106 257 3145 ,¹
276 3088 329 3136 that
340 3088 371 3144 is,
382 3089 463 3137 where
474 3088 517 3136 the
528 3089 594 3136 labro
606 3086 669 3147 (lips)
681 3086 756 3135 touch
767 3085 836 3135 them
846 3085 872 3135 in
882 3086 997 3151 drinking

85 3163 102 3195 u
122 3164 137 3195 o
185 3163 232 3196 em.

159 3223 186 3254 rr
196 3221 209 3247 s
