2138 3742
521 250 614 293 mons
632 251 679 293 ur.
842 254 849 276 i
1020 235 1063 303 m

139 362 185 416 niu
201 357 380 415 contulerunt.
415 358 459 413 Ad
477 376 590 430 quarum
608 359 714 416 initium
731 360 868 415 silverum¹
885 377 950 422 cum
961 361 1063 416 Caesar

138 431 307 501 pervenisset
330 435 472 498 castraque
495 431 600 484 munire
624 430 790 501 instituisset,
808 447 898 500 neque
920 430 1006 485 hostis
1023 431 1063 485 in·

129 501 220 554 -terim
230 500 305 553 visus
317 506 396 568 esset,
410 498 538 568 dispersis
549 500 669 570 inopere
681 501 778 554 nostris
791 500 880 553 subito
892 517 927 554 ex
938 499 1063 555 omnibus

137 569 259 693 Renibus
277 568 361 622 silvae
379 568 552 622 evolaverunt
569 577 597 623 et
614 570 643 623 in
659 572 763 624 nostros
780 569 913 640 impeturn
930 569 1062 624 fecerunt.

165 639 229 692 ostri
240 638 364 693 celeriter
374 653 450 691 erma
467 647 596 709 ceperunt
608 655 709 708 cosque
721 640 750 693 in
762 639 844 693 silvas
861 638 1022 762 repulerunt,
1035 646 1063 694 et

138 707 321 778 compluribus
344 706 492 761 interfectis
514 707 630 777 longius²
651 707 865 780 impeditioribus
896 709 954 762 ocis
976 707 1064 765 secuti

139 795 241 850 peuces
253 795 288 831 ex
299 776 355 831 suis
366 776 585 856 deperdiderunt.
1027 810 1031 821 ·

175 852 218 901 29.
236 845 497 917 Reliquisdernceps
508 844 605 900 diebus
612 847 711 902 Caesar
722 847 804 901 silvas
815 847 930 901 caedere
941 845 1064 918 instituit,

139 924 167 971 ot
183 934 219 971 ne
237 917 298 987 quis
315 915 464 969 inermibus
480 915 761 987 imprudentibusque⁸
777 917 908 971 militibus
925 916 962 971 ab
979 916 1064 971 latero

139 986 258 1056 impetus
268 987 436 1109 tieriXosset,
449 1000 559 1040 omnem
577 1003 639 1041 eam
656 985 805 1056 materiam,
818 1002 889 1056 quae
906 995 962 1040 erat
974 1003 1063 1057 caess,

139 1072 331 1110 conversemur
373 1053 478 1108 hostem
495 1055 642 1110 collocabat
659 1063 688 1110 et
710 1072 756 1126 pro
775 1055 844 1110 vallo
867 1056 902 1111 ad
920 1064 1065 1126 utrumque

139 1125 212 1179 letus
228 1124 393 1179 exstnrebet.
408 1193 409 1196 Ἰ
427 1124 580 1183 Incredibili
597 1125 736 1180 celeritate
753 1140 851 1194 magno
868 1126 952 1196 spetio
970 1125 1065 1195 paucis

139 1193 237 1249 diebus
253 1194 382 1263 consecto,
394 1210 458 1248 oum
475 1193 532 1264 jorn
550 1211 635 1264 pecus
645 1204 727 1266 atque
739 1203 860 1254 extrema
871 1195 1067 1266 impedimenta

138 1263 283 1318 abnostris
295 1272 455 1333 tenerentur,
468 1263 519 1335 ipsi
536 1264 676 1319 densiores
687 1265 771 1319 silvas
788 1272 918 1345 peterent,
931 1261 1067 1334 ejusmodi

140 1341 203 1388 sunt
220 1341 396 1403 tempestates
413 1342 582 1404 consecutae,
595 1336 635 1388 nti
653 1351 721 1404 opus
737 1334 889 1389 necessario
906 1335 1066 1387 intermitte-

139 1411 218 1473 retur,
231 1411 259 1456 et
275 1402 472 1456 continuatione
488 1403 616 1457 imbrium
633 1403 735 1458 diutins
752 1403 804 1458 sub
818 1403 947 1526 pellibus*
963 1402 1065 1457 milites

139 1471 269 1526 contineri
286 1488 340 1525 non
358 1479 474 1542 possent.
510 1472 604 1541 Itaque
615 1473 727 1526 vastetis
744 1473 818 1525 omni
838 1489 870 1527 us
881 1489 975 1525 eornm
985 1470 1065 1543 egris,

138 1541 209 1596 vicis
230 1540 417 1622 aedificiisque
439 1540 556 1594 incensis
579 1541 677 1594 Caesar
694 1540 845 1595 exercitum
868 1539 972 1594 reduxit
990 1549 1020 1595 et
1036 1539 1067 1601 in

138 1610 264 1666 Aulercis
281 1611 468 1680 Lexoviisqne,
482 1609 593 1679 reliquis
604 1610 670 1664 item
687 1609 850 1682 civitatibus,
862 1626 933 1680 qnae
944 1608 1066 1681 proxime

133 1680 244 1736 bellum
254 1680 382 1752 fecerant,
396 1681 424 1734 in
435 1679 556 1734 hibernis
566 1679 717 1736 collocavit.

168 1829 243 1879 ²The
253 1829 332 1890 plural
341 1831 419 1878 selvae
427 1829 511 1879 shows
521 1829 574 1879 thet
587 1831 679 1879 Caesar
689 1830 710 1879 is
721 1829 779 1880 here
790 1822 904 1892 thinking
912 1831 941 1879 ol
947 1830 988 1880 the
998 1837 1066 1892 perta

139 1888 168 1940 ol
175 1889 256 1939 which
266 1889 309 1938 ths
320 1889 400 1938 whole
411 1889 485 1939 forest
497 1891 578 1947 (siloa)
590 1889 723 1939 consisted.
756 1889 804 1940 See
815 1890 839 1940 ii.
853 1893 890 1948 19,
903 1900 960 1940 note
971 1892 995 1940 4.

168 1963 305 2025 ¹Ncmely,
321 1964 396 2013 'then
405 1980 458 2014 was
468 1964 553 2026 right:
566 1980 594 2014 or
606 1965 761 2014 ‘sdviscble’

167 2033 318 2104 'lucensibus
329 2035 377 2085 end
387 2036 573 2098 imprudentiores
584 2051 642 2096 may
652 2036 731 2086 either
740 2037 772 2085 bs
780 2036 899 2088 eblutives
908 2037 1029 2096 obsolute,
1037 2050 1066 2088 or

139 2092 244 2152 denses,
256 2093 394 2155 dependent
404 2110 470 2155 upon
480 2096 666 2158 impetusfieret.
958 2123 960 2129 ·

138 2165 238 2276 ,ffl‘b
249 2169 370 2231 peliden
387 2166 441 2218 thot
457 2167 488 2227 is,
500 2168 526 2228 in
540 2168 605 2219 their
619 2177 695 2228 tonte,
708 2168 790 2220 which
805 2185 871 2220 were
887 2169 992 2221 covered
1001 2166 1065 2221 with
