2146 3704
93 244 150 310 184
391 268 432 309 uu
452 269 549 310 nunno
570 267 706 310 orauroo.

90 373 209 446 quabant
217 391 225 444 3
243 381 271 428 et
285 382 392 446 apertos
405 376 544 431 cuniculos
560 385 685 447 praeusta
698 383 726 429 et
739 383 885 447 praeacuta
899 377 1019 430 mauth-

91 453 118 498 et
130 443 191 515 pice
204 445 351 501 fervefacta
363 454 391 499 et
402 447 514 500 maximi
529 446 653 516 ponderis
667 447 737 499 saxis
749 447 929 501 morabantur¹
939 461 1013 500 moe

90 514 222 586 nibusque
234 515 443 596 appropinquare
456 516 639 586 prohibebant.

127 589 168 638 2³.
187 585 274 639 Muns
297 593 390 639 autem
411 585 538 639 omnibus
559 584 670 638 Gallicis
692 583 761 637 haec
783 583 841 638 fere
858 583 947 638 forma
963 591 1014 638 est.

91 654 194 709 Trabes
205 656 331 726 directae,
344 656 501 727 perpetuae²
512 657 539 708 in
552 654 744 724 longitudinem
767 654 878 724 paribus
889 653 1017 707 interval·

91 724 132 795 lis,
145 725 276 781 distantes
288 724 357 778 inter
368 742 398 778 se
410 725 487 779 binos
534 725 590 795 des,
603 726 630 777 in
645 723 701 777 solo
712 740 744 776 co
754 724 890 777 locantur:
908 726 962 778 hae
974 739 1014 778 re·
1039 768 1045 775 .

91 795 242 849 vinciuntur
257 795 393 849 introrsus⁸
407 804 434 849 et
451 812 498 848 mu
510 806 535 848 to
548 811 646 863 aggere
661 794 819 847 vestiuntur·
855 795 897 848 Ea
912 802 1013 863 autem,

91 881 162 934 quae
178 865 303 934 diximus,
316 865 455 917 intervalla
469 863 615 933 grandibus
633 864 661 916 in
678 863 763 916 fronte
783 864 855 916 saxis
872 863 1016 918 effarciuu·

91 941 140 986 tur.
178 935 229 987 His
246 934 381 987 collocatis
399 942 426 987 et
444 934 644 1003 coagmentatis,
663 933 734 986 alius
755 932 865 1004 iusuper
884 934 950 987 ordo
968 933 1014 986 ed·

89 1002 186 1075 jicitur,
205 1012 234 1056 ut
253 1002 326 1056 idern
350 1003 417 1056 illud
440 1003 612 1057 intervallum
625 1011 763 1073 ‘serretuq
783 1019 873 1072 neque
897 1003 968 1057 inter
983 1019 1014 1056 se

90 1073 243 1143 contingant
266 1073 423 1144 trabes,sed
447 1072 556 1154 paribus
578 1073 747 1126 intermissae
771 1073 872 1144 spatiis,
892 1072 1016 1142 singulae

90 1143 203 1213 singulis
227 1142 299 1197 saxis
322 1142 468 1215 interjectis
498 1152 555 1197 arte
579 1144 772 1196 contineantur.
816 1143 860 1196 Sic
885 1142 1016 1214 deinceps

89 1228 170 1267 omne
193 1230 261 1283 opus
284 1213 441 1284 contexitur,
459 1183 526 1265 dnm
547 1211 621 1282 justa
638 1212 710 1265 muri
728 1211 841 1266 altitudo
865 1212 1015 1283 expleatur.

89 1281 147 1335 Hoc
165 1299 250 1362 quum
268 1282 295 1335 in
308 1283 434 1355 ppeciem
449 1282 661 1350 varietatemque
677 1298 744 1352 opus
758 1281 879 1336 deforme
896 1290 1015 1353 nonest,

89 1350 199 1405 altemrs
218 1351 338 1405 trabibus
360 1368 393 1404 ao
416 1350 506 1422 saxis,⁴
522 1366 593 1421 quae
616 1353 697 1405 rectis
720 1351 799 1404 lineis
822 1368 885 1405 suos
907 1353 1016 1406 ordines

89 1429 197 1476 serrant
204 1436 212 1492 ;
230 1429 288 1476 tum
304 1421 339 1476 ad
354 1421 499 1475 utilitatem
513 1430 541 1474 et
556 1420 741 1475 defensionem
756 1421 862 1475 urbium
877 1438 1016 1476 summam

89 1490 171 1546 habet
184 1509 218 1563 op
254 1493 425 1562 rtunitatem3
443 1490 513 1562 quod
527 1499 554 1544 et
569 1491 604 1545 ab
617 1491 740 1544 incendio
752 1491 830 1562 lapis,
843 1500 871 1545 et
883 1492 919 1546 ab
931 1493 1015 1545 ariste

87 1562 201 1616 materia
235 1562 344 1634 efendit,
357 1578 427 1632 quae
442 1561 578 1642 perpetuis
593 1561 713 1615 trabibus
728 1560 814 1631 pedes
829 1562 1016 1631 quadragenos

87 1631 247 1702 plerumque
259 1634 388 1686 introrsus
399 1640 525 1703 revincta,
539 1647 627 1702 neque
644 1631 788 1702 perrumpi,
801 1648 890 1701 neque
902 1628 1015 1686 distrahi

69 1730 71 1741 =
107 1708 184 1756 otest.

69 1813 71 1818 .
87 1716 105 1771 p
122 1775 166 1824 24.
184 1772 221 1825 Iis
232 1778 269 1824 tot
281 1770 363 1824 rebus
377 1769 508 1840 impedita
523 1768 725 1840 oppugnatione,
738 1768 848 1840 milites,
862 1786 949 1840 quum
959 1778 1015 1824 toto

88 1846 207 1920 ternpore
221 1839 306 1922 [luto],
317 1840 414 1910 frigore
426 1848 453 1892 et
465 1839 581 1892 assiduis
592 1838 911 1910 imbribustardarentur,
921 1848 1014 1894 tamen

86 1917 231 1962 continenti
253 1910 344 1963 labore
367 1909 458 1962 omnia
480 1907 549 1961 baec
572 1917 765 1977 superaremnt
785 1917 812 1962 et
831 1909 928 1964 diebus
946 1927 1012 1964 m.

85 1994 222 2048 aggerem,
235 1978 320 2030 latum
339 1979 424 2058 pedes
442 1993 567 2047 cccxxx,
581 1976 667 2030 altum
685 1978 769 2048 pedes
787 1997 877 2049 nxxx,
891 1989 1013 2034 exstrux-

86 2054 172 2100 emnt.
219 2046 311 2104 Quum
340 2062 364 2098 rs
390 2061 499 2098 murum
525 2044 642 2099 hostiurn
670 2065 756 2117 paene
785 2050 960 2120 contingeret,
984 2058 1012 2104 et

85 2117 184 2171 Caesar
200 2115 236 2169 ad
252 2131 319 2184 opus
337 2112 539 2168 consuetudine⁸
556 2114 701 2170 excubaret
720 2117 874 2188 militesque
893 2119 1012 2175 cohorta-

85 2195 164 2254 retur,
183 2202 218 2238 ne
246 2183 316 2254 quod
342 2184 450 2236 omnino
478 2191 584 2253 tempus
609 2185 645 2239 ab
669 2203 750 2256 opere
776 2188 1012 2259 intermitteretur3

84 2254 174 2326 paullo
192 2263 255 2309 ante
274 2253 380 2307 tertiam
396 2253 518 2322 vigiliam
536 2263 578 2308 est
595 2255 822 2381 animadversuq,
841 2258 948 2312 fumare
965 2277 1010 2328 ag·

83 2342 185 2396 gerent,
198 2342 281 2396 quem
298 2323 422 2378 cuniculo
438 2324 529 2378 hostes
547 2324 752 2379 succenderant:
772 2344 788 2379 e
824 2343 924 2398 amque
943 2338 1011 2383 tem·

83 2412 148 2518 pore
166 2403 220 2449 toto
237 2411 313 2476 muro
333 2393 451 2475 clamore
474 2393 586 2463 sublato,
601 2394 712 2474 ¹duabus
734 2397 816 2465 portis
838 2397 874 2479 ab
897 2408 1010 2470 utroque

93 2473 167 2520 atera
185 2473 297 2520 turnum
316 2472 419 2534 emptio
436 2463 527 2518 fiebat.
563 2462 619 2517 Alu
636 2463 711 2518 faces
728 2474 811 2535 atque
828 2467 934 2523 andam
952 2485 1010 2524 rna·

112 2630 230 2682 ιΜανανί
242 2634 373 2689 mairolas,
386 2641 412 2681 to
423 2634 531 2695 obstruet
543 2632 585 2681 the
596 2648 712 2695 passages
723 2634 753 2683 ol
763 2634 805 2684 the
815 2638 923 2687 mahali
937 2636 1009 2687 made

84 2691 117 2753 by
128 2692 170 2740 the
182 2692 301 2750 Romans,
315 2709 343 2740 so
354 2692 406 2741 that
419 2693 479 2754 they
489 2692 561 2741 could
572 2703 614 2741 not
625 2695 744 2754 approach
756 2694 798 2743 the
810 2696 889 2744 nulls.

112 2777 275 2840 Ῥωμαιων,
290 2779 508 2840 ‘uuinterrupted,’
528 2781 690 2850 ‘unbroken,'
711 2782 808 2840 ‘solid’
826 2799 854 2832 or
868 2788 912 2833 ‘so
923 2782 1010 2846 joined

83 2836 197 2898 together
207 2853 234 2885 as
245 2847 270 2884 to
282 2852 370 2897 appear
381 2847 406 2886 to
417 2840 448 2887 be
459 2839 487 2886 of
494 2855 540 2887 one
551 2841 636 2900 prece.⁹

112 2922 309 2972 'Reoinciuntur
329 2924 460 2981 intremus,
486 2925 560 2986 ‘they
580 2942 621 2975 are
644 2926 729 2989 joined
749 2926 863 2988 together
882 2931 917 2989 by
937 2929 1009 2981 other

82 2983 177 3040 beams,
191 2982 276 3042 placed
288 2983 465 3042 transversely3
483 2983 524 3032 the
536 3001 622 3045 spaces
632 2987 746 3035 between
755 2987 826 3036 those
837 2989 923 3038 beams
934 2989 1008 3050 being

82 3043 150 3093 filled
160 3059 193 3104 up
204 3042 265 3090 with
276 3041 345 3091 earth
356 3042 403 3090 and
414 3043 515 3092 stodes!

112 3131 241 3180 ‘Alternis
252 3131 357 3178 tratum
368 3147 396 3179 oc
405 3132 472 3180 :aab
488 3130 509 3180 is
525 3130 567 3180 the
584 3131 690 3181 ablativa
707 3097 828 3192 absolute,
843 3136 946 3186 ‘beatus
959 3114 1007 3186 and

82 3198 167 3239 stenes
178 3190 341 3251 altemating!

110 3275 311 3325 ⁸Oonsuetudiae
318 3293 329 3333 ;
347 3276 400 3326 that
416 3248 446 3335 is,
459 3296 505 3341 pro
519 3294 566 3326 esta
580 3281 758 3340 concamiare,
773 3284 819 3334 Pus
834 3280 866 3332 he
876 3275 1005 3334 ΝΜ

68 3338 99 3380 to
107 3332 160 3380 dc'
195 3335 251 3385 The
262 3335 372 3388 ablativo
383 3336 406 3388 is
417 3337 460 3389 the
471 3336 579 3390 ablativa
589 3337 617 3389 ol
624 3353 707 3389 cause.
