2146 3704
87 250 144 311 122
320 260 333 273 “
386 269 427 308 aa
449 268 548 309 nanno
568 268 704 309 amuco.

83 377 200 431 colorem
217 383 299 446 atque
318 375 370 430 hoc
387 376 533 430 horridiore
545 386 607 432 sunt
619 378 646 431 in
658 395 748 448 pugna
759 377 906 448 adspectu:
926 378 999 450 oapil

82 447 162 516 loque
181 454 242 500 sunt
260 447 389 516 promisso
407 455 489 516 atque
507 449 581 500 omni
599 456 674 517 parte
693 448 809 518 corporis
820 465 888 518 rasa,
900 456 1008 518 praeter

82 526 204 588 caputet
218 517 325 570 labrum
342 517 475 587 superius.
511 516 615 570 Uxores
632 517 733 571 habent
751 517 814 570 deni
833 516 1007 588 duodenique

83 587 152 640 Inter
163 603 193 639 se
206 603 372 656 communes,
391 599 419 640 et
436 586 556 645 maxime
574 587 669 640 fratres
687 604 752 640 cum
769 587 896 641 fratribus
913 605 1007 658 paren·

70 663 178 726 ‘tesque
191 657 373 726 sumtibus,
391 655 440 710 sed
453 656 534 725 siqui
547 665 607 709 suot
620 674 654 710 ex
666 657 709 709 his
721 657 784 726 nati,
798 673 893 711 eorum
905 657 1008 714 haben·

81 735 125 780 tur
137 726 223 796 liberi,
236 720 298 796 qua¹
310 726 429 797 primum
440 726 515 794 virgo
526 743 650 795 quaeque
662 727 779 780 deducta
791 734 842 779 est.

119 801 159 849 15.
180 797 292 864 Equites
304 796 424 849 hostium
436 795 618 866 essedariique
631 797 728 850 acriter
743 796 843 866 proelio
856 812 920 850 cnm
933 797 1007 920 equi·

80 873 138 919 tatu
155 874 244 917 nostro
262 867 289 919 iu
307 865 401 918 itinere
420 864 604 934 conflixerunt,
624 875 715 919 tamen
732 867 770 918 ut²
781 865 863 918 nostri
880 867 954 920 omni
976 884 1007 922 ua

79 935 201 1004 partibus
218 935 368 1004 superiores
380 933 479 987 fuerint
495 942 576 1003 atque
590 952 637 988 eos
648 937 675 989 in
688 935 771 988 silvas
782 935 921 1004 collesque
933 952 1006 990 coms

79 1004 211 1073 pulerint:
231 1003 280 1056 sed
297 1003 482 1083 compluribus
499 1004 649 1063 interfectis
660 1005 790 1074 ‘cupidius
809 1005 924 1058 insecuti
942 1022 1006 1060 non·

79 1073 168 1126 nullos
185 1090 220 1127 ex
237 1073 292 1127 suis
309 1082 466 1127 amiserunt.
502 1075 539 1127 At
556 1074 604 1143 illi,
618 1075 770 1128 intermisso
789 1074 1006 1145 spatio,⁸impru·

79 1143 207 1196 dentibus
235 1143 332 1197 nostris
359 1153 441 1213 atque
466 1145 605 1212 occupatis
627 1144 654 1197 in
677 1144 825 1204 munitione
849 1153 1005 1218 castrorum¹

79 1213 168 1267 subito
180 1230 258 1267 seen
269 1214 345 1267 silvis
357 1214 496 1282 ejecerunt
508 1214 666 1283 impetuque
678 1213 705 1266 in
719 1231 766 1271 eos
777 1213 857 1285 ¹sacto,
870 1214 917 1284 qui
930 1223 1006 1270 erant

78 1282 106 1335 in
127 1283 243 1336 statione
263 1300 310 1362 pro
330 1283 424 1335 castris
444 1282 574 1352 collocati,
596 1283 694 1336 acriter
713 1293 915 1354 pugnaverunt:
939 1284 1005 1339 dua·

77 1349 183 1421 busque
195 1353 286 1405 missis
298 1352 417 1406 subsidio
430 1351 584 1406 cohortibus
595 1369 612 1405 a
622 1353 746 1423 Caesare,
759 1362 841 1422 atque
854 1352 898 1407 his
910 1353 1006 1425 primis

78 1421 216 1490 legionum
225 1422 348 1492 duarum,
359 1439 443 1492 quum
452 1422 525 1491 hae,⁴
535 1422 680 1492 perexiguo
690 1423 841 1476 intermisso
854 1423 907 1476 loci
919 1423 1005 1494 spatio

77 1491 148 1545 inter
159 1510 197 1563 se,
211 1493 400 1561 constitissent,
414 1509 482 1545 novo
494 1508 593 1561 genere
611 1509 717 1562 pugnae
735 1493 881 1562 perterritis
899 1493 1003 1565 nostris,

77 1576 126 1631 per
142 1562 248 1615 medios
267 1562 448 1616 audacissime
488 1569 652 1633 erruperunt,
671 1578 755 1630 seque
773 1562 836 1615 inde
854 1562 1006 1621 incolumes

77 1643 246 1700 receperunt.
283 1633 323 1685 Eo
346 1633 392 1685 die
415 1632 448 1690 Q.
469 1580 602 1686 laberius
620 1632 715 1699 Durus,
735 1629 859 1684 tribunus
876 1633 1004 1704 militum,

76 1698 243 1755 interficitur.
279 1701 328 1770 Illi,
342 1701 463 1772 pluribus
475 1701 606 1756 immissis
617 1699 779 1770 cohortibus,
794 1700 970 1771 repelluntur.

115 1776 155 1823 16.
174 1771 241 1825 Toto
260 1771 310 1825 boc
328 1772 356 1824 in
372 1788 472 1840 genere
490 1788 605 1841 pugnae,
619 1787 704 1839 quum
721 1769 771 1823 sub
783 1770 868 1824 oculis
879 1773 1004 1827 omnium

75 1855 110 1892 ac
129 1843 187 1910 pro⁸
207 1841 302 1895 castris
322 1841 502 1910 dimicaretur,
524 1840 694 1894 intellectum
712 1848 761 1909 est,
774 1848 877 1894 nostros
895 1851 1004 1912 propter

75 1910 235 1976 gravitatem
253 1926 397 1980 armornm,
413 1910 484 1978 quod
502 1926 592 1978 neque
610 1909 716 1977 insequi
735 1910 865 1962 cedentes
884 1917 1004 2008 possent,

75 1993 165 2056 neque
185 1979 221 2032 ab
241 1979 325 2046 signis
345 1979 486 2032 discedere
510 1979 648 2048 auderent,
667 1979 759 2032 minus
778 1987 856 2049 aptos
877 1996 939 2034 esse
958 1979 995 2034 ad

74 2045 156 2116 hujus
173 2047 281 2116 generis
299 2047 422 2116 bostem,
440 2048 547 2117 equites
567 2056 659 2100 autem
679 2065 778 2117 magno
799 2065 863 2102 curn
908 2048 1002 2119 ,riculo

74 2116 175 2186 proelio
199 2116 338 2186 dimicare,
363 2124 504 2187 propterea
527 2116 598 2187 quod
622 2116 662 2170 illi
687 2118 770 2171 etiarn
795 2135 878 2171 consa
891 2127 917 2172 to
946 2119 1003 2190 ple·

74 2201 189 2254 rumque
213 2184 349 2257 oederent,
376 2194 403 2238 et
427 2203 512 2255 quum
536 2185 647 2256 paulurn
671 2186 707 2240 ab
728 2183 878 2256 legionibus
899 2198 1003 2243 nostros

75 2255 262 2326 removissent,
276 2271 311 2309 ex
322 2255 427 2309 essedis
444 2256 583 2310 desilirent
601 2264 628 2309 et
646 2256 763 2326 pedibus
780 2256 881 2330 dispari
899 2257 1000 2329 proelio

73 2430 129 2482 The
138 2436 197 2484 verb
208 2437 235 2483 in
270 2436 319 2483 'unt
330 2435 447 2484 indicates
459 2435 511 2483 that
523 2435 564 2483 the
576 2434 622 2495 dye
631 2450 683 2481 was
694 2434 790 2493 applied
801 2444 843 2482 not
854 2435 913 2496 only
922 2444 948 2484 to
959 2436 1000 2485 the

72 2493 166 2542 sursace
177 2493 226 2542 oft
246 2511 259 2542 e
275 2495 341 2552 skin,
354 2497 397 2543 but
413 2494 556 2554 penetrated
566 2494 594 2550 it,
606 2493 654 2541 and
671 2492 729 2542 thus
745 2494 836 2543 caused
853 2493 894 2544 tbe
910 2495 958 2557 dye
975 2505 1000 2544 to

71 2568 161 2614 appear
172 2553 222 2602 like
233 2555 275 2602 the
286 2554 382 2603 natural
393 2555 476 2603 colour
487 2554 515 2602 of
527 2553 568 2602 the
579 2553 644 2601 sliu.

100 2642 109 2670 ¹
122 2638 189 2701 Qua·
206 2641 259 2690 that
271 2642 301 2699 is,
313 2645 346 2690 ud
354 2658 422 2703 quos,
435 2657 462 2690 or
472 2643 499 2690 in
509 2657 610 2703 quorum
619 2643 705 2688 ἆοηιοε.
735 2640 857 2690 Deducere
871 2641 893 2690 is
909 2652 936 2691 to
946 2640 1000 2691 lead

72 2699 165 2747 abride
177 2699 257 2748 home.

100 2772 110 2801 ¹
119 2770 186 2819 That
197 2772 227 2829 is,
240 2775 275 2821 itu
286 2782 364 2822 tamen
374 2782 410 2821 ut.

100 2844 237 2911 'Namelpu
251 2849 370 2909 temporis,
385 2845 461 2894 ‘after
470 2845 512 2893 the
523 2845 591 2911 lapse
602 2844 631 2893 of
642 2859 711 2893 some
722 2844 798 2893 time!

99 2917 271 2980 *Respeoting
281 2918 323 2966 the
331 2921 374 2966 bas
384 2916 446 2966 aster
453 2917 496 2966 the
506 2919 613 2967 ablativo
624 2918 745 2976 absolute,
755 2932 797 2966 see
809 2918 843 2967 iii.
854 2921 890 2977 14,
902 2927 959 2969 nota
966 2923 998 2978 73

70 2991 184 3040 compare
195 2977 227 3026 iv.
238 2981 277 3035 21,
289 2989 347 3026 note
356 2980 377 3025 l.

100 3054 170 3104 ‘Pro
184 3051 251 3107 here,
269 3066 297 3099 as
313 3049 339 3098 in
355 3064 429 3111 many
439 3029 609 3110 otherplaoes,
622 3048 644 3098 is
655 3049 696 3098 tho
712 3064 780 3098 sams
791 3064 818 3098 as
828 3059 894 3109 onte,
906 3067 934 3100 or
943 3059 1000 3100 octo

71 3117 189 3176 frontem,
204 3111 243 3160 ‘iu
253 3109 315 3158 from
327 3107 367 3158 of!
757 3156 762 3160 ,
1001 3126 1004 3129 “

99 3189 174 3239 'Tha
185 3185 333 3248 proposition
341 3187 380 3240 od.
392 3181 486 3232 instead
497 3180 525 3231 of
531 3183 573 3232 the
582 3183 669 3245 simple
678 3182 759 3231 dative
767 3183 837 3239 boati,
848 3183 946 3252 implies
956 3188 998 3231 aot

68 3243 406 3366 pffipqqnofflqssuthtw
415 3243 527 3305 agaimu
541 3243 593 3292 thar
604 3243 634 3300 is,
644 3243 730 3291 timess
741 3251 766 3290 ro
776 3239 838 3303 figtu
849 3251 946 3304 ugunst
956 3241 998 3292 the
