2146 3704
69 207 130 269 222
372 226 414 268 oa
435 226 533 268 annno
553 227 690 272 eunuco.

71 334 203 404 subeunt3
220 334 374 404 defatigatis
390 336 418 390 in
436 338 526 391 vicem
543 337 638 406 integri
655 335 813 392 succedunt.
849 338 946 408 Agger,
957 335 991 392 ab

70 405 202 458 universis
221 405 248 459 in
266 406 443 464 munitionem
460 406 607 478 conjectus,
626 416 654 461 et
672 424 818 461 ascensum
836 407 883 460 dat
900 407 991 478 Gallis,

71 484 98 553 et
116 492 158 545 ea,
177 492 248 546 quae
265 477 292 529 in
312 485 412 530 tertam
428 477 627 534 occultaverant
645 479 766 547 Rotnani,
786 477 920 546 contegit:
945 494 993 531 nec

69 560 126 614 Jam
138 563 214 598 arma
225 546 327 616 nostris,
340 562 392 600 nec
403 547 474 600 vires
486 556 638 617 suppetunt.

106 620 148 668 86.
172 616 223 668 His
242 615 322 670 rebus
340 617 460 687 cognitis,
480 617 579 670 Caeam
597 617 746 671 Labienum
763 632 828 670 cum
844 614 995 670 cohortibus

71 701 120 738 sex
140 685 258 739 subsidio
282 686 464 741 laborantibus
483 688 581 741 mittit:
606 687 728 757 imperat,
749 687 773 740 si
791 686 925 739 sustinere
944 702 995 740 uon

70 755 161 825 possit,
180 757 303 810 deductis
320 754 473 811 cohortibus
490 761 629 827 eruptione
646 765 763 828 pugnet,
781 755 818 825 id,
832 755 888 810 nisi
904 772 995 810 neces·

71 826 148 894 sario,
167 843 201 878 ne
223 825 312 879 saciat.
356 827 418 896 Ipse
443 826 500 880 adit
519 827 652 896 reliquos;
677 826 892 895 cohortemque
915 824 996 879 labori

70 895 263 965 succumbunt3
285 896 407 950 omnium
427 896 592 965 superiorum
611 897 812 950 dimicationum
833 895 952 949 fructum
970 895 995 948 in

70 981 103 1016 co
126 964 171 1017 die
194 974 277 1034 atque
300 964 364 1018 hora
386 966 465 1019 docet
488 967 643 1022 consistere.
679 966 827 1034 Interiores,
848 965 995 1035 desperatis

70 1034 268 1104 campestribus
287 1034 352 1089 locis
371 1045 477 1106 propter
494 1036 711 1106 magnitudinem
729 1036 919 1105 munitionum,
940 1035 996 1087 loca

70 1112 213 1174 praerupta
238 1122 274 1159 ex
300 1109 423 1159 ascensu¹
446 1115 564 1160 tentant:
594 1107 707 1173 huces,
733 1122 803 1175 quae
831 1112 995 1175 paraverant,

71 1173 226 1228 conserunt:
253 1175 427 1230 multitudine
456 1177 570 1232 telorum
592 1193 626 1230 cu
653 1177 770 1230 turribus
798 1184 995 1246 propugnantes

71 1242 229 1298 deturbant:
253 1263 351 1314 aggere
374 1254 402 1300 et
425 1245 542 1300 cratibus
565 1246 651 1299 fossas
668 1246 788 1317 explent,
808 1245 900 1299 aditus
918 1260 996 1316 expo·

71 1312 162 1366 diunt:
180 1315 296 1368 falcibus
306 1315 409 1370 vallum
419 1332 453 1370 ac
464 1316 574 1369 loricam
585 1314 748 1368 rescindunt.

105 1388 149 1437 87.
162 1384 261 1438 Caesar
278 1385 359 1439 mittit
374 1386 459 1456 primo
477 1384 809 1440 Brutum¹adolescentem
826 1401 891 1438 curn
908 1382 996 1438 cohor·

71 1452 143 1507 tibus
161 1471 216 1525 sex,
239 1464 299 1526 poet
315 1473 380 1510 cum
397 1455 458 1509 aliis
475 1466 582 1525 septem
599 1457 629 1510 C.
647 1455 762 1509 Fabium
779 1454 916 1523 legatum:
940 1469 997 1532 pos·

71 1530 156 1577 tremo
174 1525 240 1595 ipse,
258 1543 344 1595 quum
361 1525 550 1581 vehementius
568 1533 723 1596 pugnarent,
743 1524 862 1593 integros
879 1522 997 1578 subsidio

69 1591 188 1648 adducit.
223 1596 356 1650 Restituto
375 1596 474 1665 proelio
492 1611 525 1650 ac
540 1596 654 1666 repulsis
671 1594 800 1664 hostibus,
819 1610 860 1662 eo,
877 1609 931 1663 quo
948 1592 996 1646 La·

69 1660 182 1717 bienum
193 1664 312 1737 miserat,
325 1666 477 1735 contendit;
496 1664 618 1720 cohortes
635 1674 746 1735 quatuor
760 1680 796 1717 ex
807 1663 929 1734 proximo
941 1679 997 1715 cas·

70 1731 134 1785 tello
153 1733 264 1788 deducit
271 1751 280 1804 3
303 1735 426 1804 equitum
445 1753 476 1788 se
496 1744 600 1806 partem
622 1735 708 1805 sequi,
729 1742 835 1804 partem
855 1732 997 1786 circumire

71 1804 216 1857 exteriores
231 1805 395 1859 munitiones
412 1814 440 1859 et
457 1804 493 1859 ab
511 1814 585 1874 tergo
603 1805 694 1859 hostes
713 1803 809 1857 adoriri
824 1801 912 1882 jubet.
948 1801 998 1855 La·

70 1869 175 1942 bienus,
188 1883 331 1942 postquam
348 1891 438 1943 neque
455 1891 575 1943 aggeres,
592 1891 680 1944 neque
697 1873 786 1927 fossae
803 1889 858 1926 vnn
879 1871 998 1925 hostium

71 1941 203 1994 sustinere
221 1951 351 2014 poterant,
370 1944 469 1997 coactis
486 1943 735 2012 undequadraginta
753 1941 998 2013 cohortibusque

71 2027 107 2063 ex
124 2010 254 2078 proximis
277 2012 419 2079 praesidiis
438 2012 571 2065 deductas
589 2012 643 2064 lors
660 2012 766 2082 obtulit,
786 2012 931 2065 Caesarem
950 2026 997 2081 per

70 2079 182 2132 nuncios
194 2079 258 2132 facit
270 2080 419 2149 certiorem,
429 2079 494 2148 quid
505 2079 663 2134 faciundum
674 2081 819 2136 existimet.
854 2079 997 2135 Accelerat

71 2149 170 2201 Caesar
189 2156 219 2200 ut
230 2147 331 2219 proelio
343 2149 454 2202 intersit.

105 2222 149 2271 88.
170 2187 237 2299 ldjus
253 2218 372 2272 adventu
389 2235 426 2272 ex
442 2218 530 2272 colore
547 2219 672 2276 vestitus¹
688 2221 802 2293 cognito,
818 2220 883 2292 (quo
901 2218 997 2288 insigni

69 2287 97 2340 in
109 2288 216 2368 proeliis
233 2289 272 2342 uti
284 2290 481 2362 consueverat)
492 2290 589 2345 turmis
607 2307 642 2344 ue
660 2292 783 2370 equiturn
799 2298 828 2343 ct
845 2290 998 2344 cohortibus

70 2358 142 2440 visis,
161 2375 279 2439 quaese
299 2360 376 2429 sequi
398 2359 521 2432 jusserat,
540 2369 570 2413 ut
588 2308 623 2413 de
642 2360 708 2413 locis
727 2360 910 2430 superioribus
928 2358 997 2412 haeo

69 2425 186 2508 declivia
203 2437 230 2483 et
242 2429 347 2483 devexa
364 2429 548 2510 cernebantur,
560 2430 652 2509 hostes
669 2428 801 2500 proelium
815 2429 995 2483 committunt.

69 2495 212 2569 Utrimque
230 2500 346 2554 clamore
364 2498 477 2570 sublato,
490 2499 598 2568 excipit*
608 2515 699 2552 rursus
710 2515 745 2552 ex
755 2497 825 2553 tullo
843 2507 926 2569 atque
941 2513 997 2552 orn·

100 2675 256 2749 ¹Praeroptu
266 2697 295 2729 ea
304 2695 418 2738 arcuum·
434 2678 530 2738 thetis,
545 2683 629 2740 ‘steep
639 2677 702 2728 from
716 2677 760 2726 the
775 2676 843 2739 point
853 2677 938 2729 where
952 2675 995 2726 tho

69 2748 154 2789 escant
164 2740 269 2800 begins!

98 2825 241 2874 'Whether
250 2824 300 2874 this
310 2824 332 2874 is
342 2823 459 2876 Decimus
469 2841 497 2874 or
507 2824 607 2874 Murcus
617 2822 710 2875 Brutus
721 2823 742 2873 is
752 2821 887 2881 uncertain,
900 2819 995 2885 though

69 2884 88 2934 it
99 2884 120 2934 is
131 2898 198 2934 more
208 2884 324 2943 probable
336 2884 388 2932 that
400 2884 442 2933 the
452 2883 573 2933 formeris
584 2893 674 2933 meunt.

98 2972 173 3023 'The
184 2972 268 3022 colour
278 2970 307 3021 ol
318 2971 464 3033 ugeneral’s
474 2971 547 3021 clouk
556 2988 608 3022 was
619 2971 716 3030 scariot,
727 2971 788 3022 with
799 2987 815 3020 a
823 2969 908 3032 purple
920 2968 995 3030 stripe

69 3032 95 3082 in
105 3034 178 3083 front.
209 3032 266 3081 The
277 3031 357 3080 words
367 3030 449 3080 which
464 3029 546 3079 follow
563 3032 588 3080 in
602 3031 762 3093 parentheses
781 3047 821 3080 are
838 3028 953 3079 intended
968 3038 994 3076 to

69 3093 139 3143 show
150 3095 204 3143 that
216 3092 308 3142 Caesar
318 3107 370 3143 was
385 3099 428 3141 not
444 3089 520 3140 afraid
530 3090 559 3140 ot
569 3092 689 3157 exposing
699 3090 738 3142 his
748 3105 838 3151 person
847 3089 873 3139 in
883 3103 953 3138 cases
963 3085 993 3136 of

69 3161 138 3216 grem
147 3153 247 3215 danger.
342 3164 344 3169 ·

98 3239 228 3309 ‘Esaetptts
244 3239 333 3302 supply
342 3243 405 3292 tusc
413 3241 542 3300 cunctari,
553 3245 580 3291 to
590 3239 622 3290 bs
632 3237 709 3292 taken
717 3246 761 3290 out
770 3236 800 3290 ot
810 3236 853 3291 the
863 3232 993 3302 precatus

70 3299 177 3350 ablativo
188 3299 309 3352 absolute.
