2146 3704
465 235 560 279 murt
577 238 599 280 r.
954 222 995 282 39

70 353 163 416 quarto
174 346 361 424 pervenerunt,
375 362 459 415 quum
471 356 498 399 et
511 355 617 426 propter
628 346 739 400 vulnera
750 346 867 426 rnilitum
878 355 906 401 et
917 365 993 428 prop-

70 425 109 469 ter
120 415 289 485 sepulturam
301 431 448 468 occisorum
460 425 541 469 nostri
560 417 676 470 triduum
688 426 783 469 morati
795 432 841 469 eos
852 435 929 498 sequi
941 435 992 471 non

69 485 227 556 potuissent.
264 485 361 536 Caesar
378 485 412 537 ad
432 485 563 553 Lingonas
580 485 671 538 literas
689 486 848 554 nuntiosque
863 496 992 554 misitne

68 571 114 607 eos
126 553 262 607 frumento
274 569 343 606 neve
354 553 407 605 alia
418 570 447 605 re
457 553 593 623 juvarent:
611 555 656 623 qni
668 555 691 606 si
706 554 840 624 avissent,
854 572 883 608 se
895 557 993 610 eodem

69 623 133 693 loco,
147 639 201 692 quo
219 623 364 693 Helvetios,
378 623 542 676 habiturum·
578 624 639 693 Ipse
658 571 744 676 triduo
762 623 911 677 intermisso
929 642 993 679 cunt

69 693 196 746 omnibus
207 692 291 760 copiis
303 708 349 744 eos
361 692 438 760 sequi
450 694 546 761 coepit.

104 767 148 815 27.
167 761 284 814 Helvetii
295 762 416 814 omniurn
430 778 519 814 rerum
538 762 625 830 inopia
636 761 746 814 adducti
758 760 860 830 legatos
872 762 906 814 de
919 761 992 815 dedi·

69 831 140 885 tione
151 831 188 884 ud
200 847 265 883 eum
277 830 416 883 miserunt.
445 830 572 888 Quicum
585 848 650 884 eum
662 832 689 885 in
700 831 794 884 itinere
806 831 994 885 convenissent

69 917 153 970 seque
162 900 197 952 ad
206 900 292 969 pedes
300 900 474 970 projecissent
483 901 689 970 suppliciterque
698 900 780 954 locuti
792 902 889 954 flentes
897 918 994 971 pacem

68 969 207 1040 petissent,
217 978 298 1038 atque
308 985 355 1021 eos
363 969 390 1022 in
399 986 431 1021 eo
438 969 504 1037 loco,
514 986 567 1039 quo
579 979 637 1023 turn
645 979 743 1040 essent,
754 988 834 1024 suum
845 970 994 1024 adventum

68 1038 376 1108 exspectarejussisset,¹
383 1048 536 1108 paruerunt.
562 1040 602 1092 Eo
610 1048 751 1109 postquam
759 1041 992 1119 Caesarpervenit,

50 1122 52 1128 ·
69 1108 184 1177 obsides,
196 1124 280 1177 arma,
294 1124 391 1175 servos,
424 1109 451 1160 ui
462 1107 498 1160 ad
510 1124 556 1160 eos
568 1109 754 1178 perfugissent,
764 1119 892 1179 poposcit.
922 1111 994 1163 Dum

68 1176 111 1230 eu’
119 1177 310 1256 conquiruntur
319 1185 346 1229 et
355 1125 532 1247 conferuntur,
542 1188 620 1230 nocte
629 1178 901 1231 intermissa⁸circiter
909 1178 993 1231 homi·

69 1260 135 1299 uum
146 1246 268 1299 mrliavr.
279 1245 338 1315 ejus
349 1247 419 1315 pagi,
429 1247 475 1305 oui
487 1246 655 1315 Verbigenus
666 1264 700 1316 ap
720 1247 823 1317 ellatur,
834 1247 891 1300 sive
899 1248 994 1300 timore

69 1316 207 1386 perterriti,
228 1332 263 1367 ne
283 1316 365 1368 armis
388 1307 492 1368 traditis
514 1316 644 1436 supplicio
667 1265 844 1385 ardcerentur,
864 1316 921 1370 sive
945 1332 994 1385 spe

69 1384 164 1437 salutis
176 1384 284 1453 inducti,
297 1385 368 1454 quod
386 1385 413 1437 in
431 1393 505 1436 tanta
522 1402 568 1436 mu
581 1383 694 1437 titudine
712 1385 900 1439 dediticiorum
916 1402 994 1439 suam

69 1452 162 1522 fugam
180 1462 227 1506 aut
244 1454 377 1523 occultari,
391 1462 438 1505 aut
456 1454 563 1505 omnino
582 1453 695 1520 ignorari
712 1471 790 1521 posse
802 1454 993 1523 existimarent,

68 1523 164 1592 prima>
174 1531 252 1576 nocte
270 1540 286 1575 e
303 1523 398 1575 castris
416 1522 599 1574 Helvetiorum
617 1521 717 1589 egressi
728 1521 763 1573 ad
775 1521 900 1574 Rhenum
915 1522 994 1575 fines·

70 1609 122 1663 que
134 1593 328 1645 Germanorum
341 1591 543 1644 contenderunt.

103 1665 147 1714 28.
166 1660 243 1719 Quod
261 1662 307 1714 ubi
325 1661 424 1714 Caesar
442 1662 540 1730 resciit,
553 1675 667 1728 quorum
681 1676 729 1729 per
742 1660 810 1712 fines
827 1658 992 1730 ierant,⁴his,

70 1730 107 1783 uti
127 1732 314 1800 conquirerent
333 1738 361 1782 et
381 1730 546 1798 reducerent,
567 1729 590 1781 si
610 1728 660 1780 sibi
678 1729 782 1797 purgati
802 1745 863 1781 esse
883 1728 992 1799 vellent,

69 1798 224 1868 imperavit:
256 1800 379 1853 reductos
408 1799 435 1852 in
461 1799 579 1852 hostium
602 1815 713 1850 numero
737 1798 846 1850 habuit:
878 1798 994 1867 reliquos

69 1884 163 1922 omnes
174 1866 298 1922 obsidibu
335 1868 423 1937 armis,
437 1868 557 1937 perfugis
576 1867 678 1920 traditis
695 1869 723 1921 in
741 1867 905 1920 deditionem
916 1885 994 1921 acce·

69 1939 125 2006 pit.⁶
151 1937 297 2006 Helvetios,
336 1938 446 2007 ulingos,
461 1938 615 2006 Latobrigos
627 1937 654 1989 in
666 1937 734 1990 fines
751 1954 820 2007 suos,
834 1938 906 1991 unde
918 1945 993 1990 erant

69 2006 188 2077 profecti,
203 2008 300 2061 reverti
311 2006 396 2076 jussit,
411 2016 437 2060 et
449 2007 520 2076 quod
533 2007 657 2060 omnibus
669 2007 789 2075 frugibus
801 2008 908 2060 amissis
920 2007 993 2061 domi

68 2076 133 2128 nihil
151 2086 215 2145 erat,
235 2093 288 2156 quo
306 2077 408 2129 famem
427 2077 576 2145 tolerarent,
589 2076 776 2145 Allobrogibus
795 2077 943 2146 imperavit,
963 2084 993 2129 ut

68 2143 110 2198 his
129 2145 257 2199 frumenti
277 2147 380 2216 copiam
401 2146 546 2199 facerentz⁶
565 2147 637 2266 ipsos
656 2146 754 2216 oppida
772 2146 905 2215 vicosque,
925 2162 993 2214 quos

69 2213 248 2284 incenderant,
270 2215 410 2267 restituere
432 2215 518 2285 jussit.
554 2216 565 2267 1
605 2231 638 2267 ea
661 2215 779 2267 maxime
800 2216 899 2268 ratione
920 2214 991 2284 fecit,

68 2283 138 2352 quod
150 2284 235 2337 noluit
247 2301 310 2337 eum
324 2284 421 2353 locum,
437 2284 506 2337 uude
519 2283 635 2336 Helvetii
647 2284 832 2353 discesserant,
842 2301 946 2351 uacare,
957 2300 992 2336 ne

67 2362 173 2424 propter
184 2353 332 2406 bonitatem
347 2371 471 2422 agrorum
483 2353 617 2424 Germani,
631 2353 678 2422 qui
696 2362 768 2405 trans
785 2352 909 2406 Rhenum
921 2354 991 2406 inco·

96 2547 170 2596 ¹The
182 2548 277 2607 subject
288 2547 316 2595 of
322 2548 440 2608 jussisset
452 2547 472 2594 is
485 2547 585 2602 Caesar,
599 2546 716 2606 although
728 2547 753 2594 in
768 2547 810 2594 the
826 2547 878 2595 first
894 2558 946 2606 part
962 2549 990 2596 cf

68 2605 109 2654 the
120 2618 235 2655 sentence
247 2607 287 2654 the
299 2607 394 2665 subject
406 2606 427 2652 is
439 2605 555 2652 Helvetii.

81 2682 105 2785 h’
114 2680 208 2788 Τὴῖεέσα
219 2680 276 2728 here
288 2680 420 2738 comprises
431 2679 472 2726 the
484 2694 541 2726 men
552 2693 579 2726 as
590 2677 647 2726 well
664 2693 690 2725 as
707 2678 749 2726 the
766 2694 839 2728 arms.
871 2679 990 2740 Compare

67 2753 80 2786 c
98 2753 136 2798 ap.
180 2776 186 2787 .

96 2811 148 2859 'In
164 2813 206 2860 the
223 2813 292 2872 night
303 2811 385 2860 which
401 2827 469 2859 came
486 2813 599 2859 between
615 2811 657 2859 the
674 2811 779 2870 promise
796 2813 843 2860 and
857 2812 898 2860 the
912 2813 991 2862 actual

67 2871 282 2988 ppgretpdgpxpiszhat
299 2872 328 2929 is,
342 2873 367 2919 in
382 2872 424 2919 the
440 2871 509 2932 night
526 2871 658 2932 following,
672 2887 699 2918 or
715 2871 776 2920 after
792 2872 850 2932 they
861 2873 909 2920 had
920 2873 990 2921 made

95 3001 208 3060 ‘feroran
227 3003 321 3058 thetis,
334 3006 403 3051 ireco
432 3012 508 3060 erant,
521 3003 558 3050 for
573 3003 704 3051 otherwise
720 3004 761 3051 the
773 3003 853 3051 words
869 3005 989 3063 corquire-

67 3071 119 3109 rent
131 3062 179 3109 and
190 3066 325 3110 reducerent
335 3062 406 3110 could
434 3079 478 3110 ave
490 3077 520 3110 nc
531 3077 611 3110 sense.

96 3147 154 3198 'He
164 3148 277 3199 received
287 3148 356 3197 them
367 3165 393 3197 as
404 3149 464 3210 they
474 3148 634 3197 surrendered
644 3157 670 3196 to
680 3148 732 3196 him
742 3156 766 3195 at
778 3146 915 3195 discretiori.

66 3232 408 3339 0s⁶itcf1²5⁰ms⁰⁶⁶f⁶m⁰²n⁵2
424 3238 464 3282 ‘to
474 3233 537 3284 hare
548 3233 640 3295 plenty,
653 3233 700 3280 and
711 3231 783 3281 make
794 3231 877 3282 others
887 3234 989 3295 partelre
