2146 3704
73 223 131 285 rte
373 241 415 282 un
428 231 534 282 'nunno
553 240 691 284 osnmco.
785 258 795 273 ·

199 301 204 326 i

70 357 195 421 equestre
210 346 368 405 committit:
388 349 569 404 laborantibus
586 349 644 419 jam
660 349 716 404 suis
726 349 879 404 Germanos
889 338 993 421 equiter'r

70 421 174 474 circiter
192 437 269 473 cccc.
289 419 440 489 submittit,¹
457 436 525 489 quos
543 420 579 473 ab
591 419 664 472 initio
684 435 780 472 aecum
799 419 900 474 habere
920 422 992 475 insti-

69 497 166 543 tuerat.
203 490 303 542 Eomm
323 489 456 559 impetum
468 489 538 542 Galli
551 489 681 543 sustinere
693 505 745 541 non
757 497 901 557 potuerunt
912 499 993 565 atque

69 558 98 612 in
117 559 208 627 lugam
227 559 350 630 conjecti,
368 557 460 612 multis
475 559 588 628 arnissis,
602 575 631 611 se
648 557 684 610 ad
703 575 802 626 agmen
819 573 992 629 receperunt:

68 628 168 698 quibus
191 628 344 698 profligatis,
369 644 459 680 rursus
481 627 607 698 oppidani
632 628 763 696 perterriti
786 627 994 698 comprehensos

70 715 125 768 eos,
137 714 251 768 quorum
263 714 343 766 opera
355 696 465 768 plebem
476 697 638 750 concitatam
655 696 852 766 existimabant,
873 699 909 751 ad
930 699 994 753 Cae-

70 784 158 821 sarem
183 767 363 836 perduxerunt
387 783 502 834 seseque
525 767 552 818 ei
575 765 754 819 dediderunt,
785 766 891 825 Quibus
914 769 996 822 rebus

69 837 206 906 consectis,
216 837 314 888 Caesar
325 834 360 888 ad
371 835 500 904 oppidum
512 836 679 904 Avaricum?
689 833 760 904 quod
773 846 829 888 erat
842 837 995 893 maximum

69 906 333 973 munitissimumque
356 904 383 956 in
406 903 505 957 finibus
529 903 679 973 Biturigum
702 912 784 973 atque
806 907 863 974 egri
887 906 994 961 fertilis·

69 975 137 1026 sima
159 974 272 1043 regione,
294 973 429 1042 profectus
449 982 506 1042 est,
524 974 604 1043 quod,
624 990 657 1026 eo
676 973 774 1043 oppido
794 985 911 1046 recepto,
931 977 995 1031 civi·

69 1051 153 1096 tatem
165 1043 314 1110 Biturigum
327 1059 356 1095 se
369 1043 395 1096 in
407 1050 567 1112 potestatem
580 1044 751 1097 reducturum
763 1045 924 1099 confidebat.

107 1118 147 1165 14.
165 1112 374 1183 Vercingetorix,
391 1119 429 1165 tot
449 1113 580 1166 continuis
599 1113 776 1166 incommodis
787 1113 993 1187 Vellaunodnni,

68 1182 172 1236 Genabi
205 1182 357 1236 Novioduni
380 1182 507 1251 acceptis,
533 1197 595 1234 suos
624 1181 660 1235 ad
684 1183 830 1236 concilium
856 1193 993 1238 convocat.

69 1252 161 1320 Docet,
185 1268 253 1319 unge
269 1251 324 1303 alia
339 1251 441 1304 ratione
457 1267 518 1303 esse
535 1250 638 1303 bellum
650 1252 808 1322 gerendum,
819 1260 903 1322 atque
915 1262 995 1307 antea

69 1320 105 1373 sit
120 1329 243 1388 gestum:
262 1319 388 1373 omnibus
406 1319 494 1372 modis
514 1319 578 1372 huic
598 1320 636 1372 rei
657 1320 827 1392 studendum,
842 1333 872 1374 ut
883 1322 994 1393 pabula·

69 1391 141 1443 tione
164 1398 191 1442 et
215 1397 370 1443 commeatu
392 1389 504 1443 Romani
528 1387 733 1458 prohibeantur:
764 1390 792 1443 id
818 1408 880 1444 esse
904 1392 993 1464 facile,

68 1460 140 1529 quod
160 1458 282 1529 equitatu
304 1459 355 1528 ipsi
374 1458 520 1526 abundent,
539 1467 565 1510 et
584 1459 655 1528 quod
674 1460 738 1512 anni
759 1462 889 1530 ternpore⁸
905 1461 994 1515 suble-

68 1538 180 1582 ventur:
211 1528 342 1598 pabulum
368 1529 452 1582 secari
478 1545 530 1582 non
556 1545 651 1598 posse,
680 1530 831 1582 necessario
860 1530 995 1600 dispersos

69 1596 160 1651 hostes
177 1615 211 1651 ex
226 1599 358 1653 aedificiis
374 1599 492 1668 poteret⁴
509 1598 557 1651 hos
573 1614 667 1651 omnes
678 1599 797 1668 quotidie
809 1599 845 1652 ab
857 1601 994 1669 equitibus

68 1666 154 1720 deleri
165 1683 252 1736 posse.
289 1669 432 1721 Praeterea
448 1667 541 1720 salutis
556 1684 638 1721 causa
650 1668 688 1720 rei
701 1667 840 1721 familiaris
852 1670 994 1724 commoda

69 1735 230 1805 negligenda
237 1753 244 1804 ς
275 1737 349 1789 vicos
376 1745 458 1805 atque
488 1737 612 1790 aedificia
640 1737 746 1790 incendi
774 1747 915 1807 opportere
945 1740 994 1792 hoc

69 1807 174 1877 spatio,⁵
196 1822 213 1858 a
237 1805 301 1858 Boia
324 1823 431 1876 quoquo
451 1823 552 1875 versus,
575 1823 627 1875 quo
650 1806 795 1875 pabulandi
818 1824 902 1860 causa
921 1809 993 1862 adire

69 1891 148 1944 posse
171 1874 321 1928 videantur.
366 1876 468 1928 Harum
495 1877 501 1927 i
523 1875 568 1927 sis.
586 1877 685 1929 rerum‘
710 1877 815 1945 copiam
842 1886 992 1948 suppetere,

69 1944 149 2012 quod,
178 1959 291 2010 quorum
323 1944 350 1996 in
379 1943 478 1995 finibus
505 1893 609 1996 hellurn
634 1953 748 2014 geratur,
776 1961 871 1999 eorum
900 1947 993 2016 opibus
1038 1957 1045 1969 ⁶

70 2011 259 2065 subleventur:
281 2013 415 2064 Romanos
434 2020 480 2063 aut
500 2011 617 2089 inopiam
636 2029 688 2066 uon
710 2014 815 2085 laturos,
833 2025 880 2068 aut
897 2031 992 2085 magno

69 2097 133 2134 cunr
153 2079 270 2149 periculo
290 2079 395 2146 longius
414 2079 450 2130 ab
469 2087 564 2132 castus
583 2097 782 2162 progressuros:
804 2101 893 2153 neque
914 2087 993 2139 inter·

70 2166 139 2217 esse,
164 2148 270 2216 ipsosne
300 2148 468 2217 interficiant,
492 2150 740 2219 impedimentisne⁷
765 2163 873 2224 exuant,
898 2155 994 2225 quibus

69 2217 177 2270 amissis
197 2216 299 2271 bellurn
322 2217 379 2285 geri
402 2234 455 2270 non
479 2219 571 2288 possit.
608 2221 750 2274 Praeterea
769 2223 869 2292 oppida
888 2223 993 2278 incendi

69 2294 198 2357 oportere,
219 2304 289 2356 quae
312 2304 365 2340 non
389 2288 536 2342 munitione
560 2299 588 2343 et
609 2289 660 2344 loci
680 2299 774 2344 natura
793 2292 829 2346 ab
849 2295 923 2347 omni
943 2294 994 2347 sint

69 2356 189 2427 periculo
210 2364 282 2426 tnta,
301 2374 355 2410 neu
375 2358 432 2411 suis
451 2358 504 2410 sint
524 2357 559 2410 ad
579 2358 792 2414 detractandam⁸
811 2362 937 2417 militiam
955 2379 993 2417 re·

99 2483 258 2533 ¹Satmiuere
269 2484 289 2532 is
306 2484 348 2533 the
365 2501 433 2543 sume
450 2501 477 2534 as
487 2488 579 2534 auxilio
589 2487 680 2534 mittere
687 2504 698 2543 ,·
716 2490 767 2544 sub,
781 2489 806 2536 in
822 2484 991 2550 composition,

69 2542 208 2604 frequently
219 2543 309 2605 having
319 2544 361 2592 the
372 2544 487 2606 meaning
497 2544 525 2592 of
534 2549 540 2571 ⁴
551 2547 667 2605 support!

98 2617 254 2673 ’Auaricum
264 2617 305 2665 the
313 2617 401 2677 capital
409 2617 438 2667 of
442 2618 483 2665 the
491 2617 623 2680 Bituriges,
633 2634 664 2666 on
671 2618 712 2666 the
719 2619 783 2668 river
791 2623 876 2670 Avera
884 2623 991 2680 (Eume),

69 2689 121 2723 was
133 2675 275 2724 afterwards
286 2676 363 2725 called
375 2676 509 2737 Biturigae,
522 2677 624 2726 whence
636 2679 668 2725 its
679 2679 779 2726 modern
790 2695 863 2730 name
874 2681 993 2745 Bourges.

99 2748 187 2796 'Auni
197 2757 304 2810 tempore,
317 2750 336 2797 it
347 2750 421 2810 being
432 2749 457 2797 in
467 2749 509 2798 the
520 2749 596 2810 depth
607 2749 635 2798 of
642 2751 737 2799 winter.
769 2752 817 2800 See
828 2754 870 2802 vii.
882 2758 905 2803 8.

98 2820 107 2848 ⁴
116 2819 220 2876 Petere,·
237 2821 325 2881 supply
332 2824 453 2882 pabulum.

98 2894 170 2942 ‘Hoc
179 2896 275 2962 epotrbf
288 2894 358 2942 these
367 2896 447 2944 words
457 2912 497 2943 ure
508 2912 538 2944 cx
557 2897 636 2946 luined
646 2898 680 2958 by
686 2898 752 2947 what
762 2899 872 2960 follows;
885 2907 991 2966 numely,

72 2952 148 3002 ‘from
159 2952 201 3000 the
213 2961 325 3013 territory
333 2953 362 3001 os
368 2954 410 3002 the
422 2954 513 3003 Boiaus
523 2963 531 3012 (
540 2972 568 3004 or
576 2957 636 3005 Boio
645 2957 666 3005 is
674 2957 716 3006 the
725 2974 792 3008 same
804 2976 831 3008 as
840 2963 991 3022 terroBos'a5

69 3029 112 3062 see
123 3013 156 3061 iii.
169 3016 192 3070 9,
205 3023 262 3060 note
273 3017 306 3070 5),
319 3012 344 3060 in
354 3012 388 3061 all
398 3013 538 3070 directions,
552 3031 578 3063 us
589 3016 626 3064 sar
636 3017 682 3073 as,’
697 3016 745 3065 dcc.

98 3087 213 3135 ‘Horum
223 3089 302 3135 rerum
311 3086 386 3136 refers
398 3102 429 3136 no
440 3087 490 3136 less
501 3096 526 3136 to
537 3091 584 3137 uici
594 3090 640 3137 und
651 3092 758 3151 aedificio
768 3091 828 3141 than
839 3103 864 3142 to
872 3098 992 3157 palulum.

97 3159 215 3209 'Ne-ne
224 3161 245 3208 is
254 3160 312 3210 here
321 3161 382 3210 used
390 3161 427 3210 for
435 3161 477 3210 the
488 3177 555 3211 more
566 3177 680 3211 common
690 3165 832 3224 expression
840 3177 991 3218 utram-ua.

68 3233 263 3354 inhlleetarrogppe,
276 3234 318 3284 the
333 3251 402 3285 same
418 3251 446 3285 us
456 3239 593 3294 detrectare,
608 3240 649 3285 ‘to
665 3237 737 3287 avoid
746 3253 775 3289 or
785 3238 879 3291 decline
895 3242 992 3304 serving
1014 3286 1016 3290 ,
