2146 3704
466 114 558 155 naen
577 113 598 156 1.
954 94 995 155 Ab

70 221 208 292 obtineret,
222 219 304 291 quod²
314 222 454 276 commodo
471 224 510 276 rei
526 223 651 293 publicae
666 220 757 276 lacere
772 227 871 319 posset,
884 220 995 277 Aeduos

70 301 229 361 ceterosque
246 290 349 344 amicos
365 291 456 361 populi
473 293 587 347 Romani
604 291 771 361 defenderet,
793 307 823 343 sa
837 292 994 346 Aeduorum

70 360 178 431 iujurias
190 377 242 413 non
255 360 448 429 neglecturum.

102 435 146 484 ³6.
164 429 208 483 Ad
233 428 303 483 haee
319 430 469 483 Ariovistus
493 431 643 500 respondit:
666 429 712 500 jus
729 445 790 482 esse
807 428 880 499 belli,
900 437 930 483 ut
947 427 995 499 qui

69 499 205 567 vicissent,
218 498 268 568 his,
281 515 349 568 quos
364 499 500 568 vicissent,
517 499 747 567 quemadmodum
760 498 868 568 vellent,
881 497 995 567 impera·

69 577 141 622 rent:
154 568 231 621 item'
238 567 366 637 populum
374 569 525 621 Romanum
535 568 613 621 victis
621 585 673 622 non
684 568 719 621 ad
730 567 842 621 alterius
849 567 996 688 praescrip-

69 646 135 707 tum,
146 637 195 689 sed
203 635 238 689 ad
248 654 328 690 suum
336 637 475 690 arbitrium
484 637 616 707 imperare
625 653 778 691 consuesse.
797 637 823 690 Si
832 636 890 706 ipse
899 653 951 705 pop
979 651 996 687 u

69 708 189 762 Romano
200 722 252 759 non
263 706 465 776 praescriberet,
478 705 709 774 quemadmodum
726 721 774 759 suo
788 705 850 784 jure
867 713 995 774 uteretur,

68 793 121 829 uon
145 783 266 844 oportere
291 791 351 828 sese
370 792 388 827 a
460 775 503 828 ulo
523 777 642 829 Romano
666 776 694 828 in
717 791 765 828 suo
784 791 844 845 Jure
863 773 996 845 impediri.

68 843 181 900 Aeduos
192 843 251 913 sibi,
264 844 391 913 quoniam
402 791 466 907 hili
478 844 612 898 fortunam
624 852 772 898 tentassent
790 853 818 898 et
834 845 918 897 armis
935 860 996 896 con·

99 913 154 966 essi
167 928 200 965 ac
211 912 329 982 superati
348 922 446 983 essent,
460 913 644 984 stipendiarios
661 931 722 967 esse
734 913 827 967 factos.
864 914 996 982 Magnam

108 999 214 1036 esarem
226 981 350 1051 injuriam
360 982 457 1054 facere,
486 983 513 1036 ui
526 999 574 1036 suo
586 983 703 1037 adventa
713 983 854 1052 vectigalia
863 984 913 1037 sibi
922 983 997 1035 dete·

68 1053 136 1105 riora
148 1051 269 1105 iaceret.⁴
288 1105 290 1110 ,
304 1051 408 1105 Aeduis
419 1069 449 1105 se
461 1068 477 1104 o
497 1052 569 1106 sides
581 1052 747 1106 redditurum
759 1069 811 1105 non
823 1069 892 1122 esse,
906 1067 996 1120 neque

68 1120 112 1175 bis
123 1137 213 1190 neque
226 1137 319 1173 eorum
337 1122 415 1175 sociis
433 1121 530 1192 injuria
544 1122 644 1175 bellum
663 1122 807 1202 illaturum,
821 1121 883 1174 siin
896 1136 997 1173 eome-

68 1199 171 1260 nerent,
181 1189 252 1259 quod
264 1191 440 1261 convenisset,
451 1191 669 1261 stipendiumque
681 1199 823 1260 quotannis
834 1190 1004 1261 penderent:-

69 1260 92 1313 si
104 1259 133 1312 id
145 1276 198 1312 non
211 1258 346 1330 fecissent,
359 1260 437 1328 longe
450 1260 492 1312 hie
504 1260 650 1313 fraternum
662 1278 760 1314 nornen
772 1261 863 1330 populi
874 1259 997 1313 Romani·

68 1328 227 1382 afuturum-⁶
261 1329 339 1387 Quod
363 1329 414 1382 sibi
433 1329 532 1382 Caesar
549 1329 718 1382 denuntiaret
736 1347 765 1382 se
783 1329 939 1381 Aeduorum
958 1329 997 1380 in·

68 1398 152 1469 jurias
169 1415 222 1451 non
241 1399 434 1469 neglecturum,
456 1397 592 1451 neminem
613 1414 706 1450 secum
726 1398 784 1450 sine
808 1413 858 1449 sua
877 1396 997 1464 pernicie

69 1467 249 1521 contendisse.
287 1468 355 1521 Cum
368 1468 459 1536 vellet,
473 1466 694 1535 congrederetur:
714 1465 920 1535 intellecturum,
930 1464 997 1533 quid

70 1537 162 1591 invicti
173 1537 310 1606 Germani,
324 1536 541 1590 exercitatissimi
556 1536 582 1589 in
601 1535 691 1607 armis,
704 1536 751 1605 qui
763 1535 831 1588 inter
842 1551 926 1588 annos
936 1552 995 1589 xiv.

69 1615 173 1660 tectum
185 1622 237 1659 non
250 1606 393 1676 subissent,
406 1607 504 1659 virtute
516 1615 634 1675 possent.

104 1679 146 1730 37.
155 1722 156 1725 ,
166 1676 241 1728 Haec
254 1675 351 1728 eodem
363 1684 482 1744 ternpore
495 1676 601 1729 Caesari
621 1675 748 1728 mandata
766 1673 955 1742 reserebantur,
969 1680 997 1726 et

69 1743 150 1813 legati
168 1744 204 1798 ab
221 1744 332 1799 Aeduis.
344 1753 371 1797 et
388 1761 406 1797 a
423 1744 541 1797 Treviris
558 1744 717 1798 veniebant:
744 1743 834 1798 Aedui
859 1751 995 1812 questam,

68 1813 140 1883 quod
151 1813 282 1883 Harudes,
296 1814 342 1882 qui
360 1830 445 1883 nuper
457 1813 484 1866 in
496 1813 614 1867 Galliam
633 1813 799 1884 transportati
817 1821 914 1883 esseut,
927 1812 996 1866 linea

69 1886 161 1936 eorum
177 1883 382 1953 popularentur,
401 1900 461 1936 sese
480 1900 514 1936 ne
532 1883 670 1937 obsidibus
681 1883 793 1953 quidem
811 1883 881 1936 datis
898 1899 996 1953 pacem

68 1953 200 2007 Ariovisti·
214 1951 347 2006 redimere
367 1954 499 2022 potuisse:
525 1952 628 2006 Treviri
647 1955 758 2023 autem,'
776 1953 868 2023 pag0s⁸
886 1961 997 2005 centum

72 2183 78 2206 ι
86 2122 115 2228 ⁸⁴⁸
122 2118 200 2229 Μ
207 2120 229 2201 l⁸
244 2119 302 2169 here
318 2119 360 2168 tha
376 2137 444 2169 same
460 2137 487 2169 as
498 2130 623 2182 quantum,
636 2136 663 2169 or
673 2120 777 2180 perhaps
788 2122 877 2181 quood·
895 2118 948 2167 that
963 2117 994 2176 is,

98 2250 173 2301 ’The
185 2252 271 2301 decree
282 2253 311 2301 os
322 2253 364 2301 the
380 2262 464 2302 senate
476 2262 501 2301 to
512 2252 593 2302 which
609 2252 732 2301 reference
743 2251 764 2300 is
774 2250 832 2299 here
848 2249 928 2307 meda,
941 2265 995 2309 pro-

70 2311 145 2418 bablp
153 2311 255 2373 belongs
267 2323 292 2359 to
303 2313 345 2360 the
354 2328 413 2373 year
423 2328 447 2361 u.
458 2327 479 2360 c.
488 2316 526 2361 61.
558 2313 594 2360 At
606 2312 658 2361 that
667 2312 726 2360 tirne
738 2311 779 2358 the
789 2310 937 2369 Allobroges
948 2308 997 2357 had

69 2384 128 2420 raro
139 2371 196 2428 ted;
212 2371 260 2419 and
276 2371 294 2419 it
310 2388 392 2420 seems
408 2372 461 2419 that
478 2372 519 2419 the
531 2371 614 2419 Aedui
624 2371 748 2428 soliciting
758 2369 799 2416 the
816 2369 950 2416 assistance
966 2366 995 2415 ol

71 2428 160 2488 Rome,
173 2430 215 2478 the
226 2441 311 2478 senate
322 2430 410 2489 passed
421 2430 463 2477 the
475 2429 561 2478 decree
572 2429 631 2477 here
642 2426 790 2476 mentioned.

99 2503 188 2562 'Item
206 2504 259 2553 thet
271 2506 301 2562 is,
314 2505 339 2553 in
350 2505 392 2553 the
403 2519 472 2552 same
483 2518 592 2560 manner,
605 2518 633 2550 or
643 2501 703 2550 with
714 2501 756 2548 the
767 2516 834 2549 same
846 2499 919 2561 right.

99 2575 235 2638 ⁴Name1y,
249 2580 354 2627 because
366 2594 398 2626 on
410 2577 525 2625 Caesar’s
541 2575 628 2624 arrival
639 2590 707 2623 some
718 2574 746 2623 os
757 2574 799 2621 the
811 2573 893 2622 Aedui
908 2574 997 2624 ceased

71 2647 96 2685 to
104 2652 152 2697 pay
160 2636 224 2744 {pair
232 2639 323 2687 tribute
334 2646 360 2686 to
370 2636 520 2693 Ariovistus,
530 2634 578 2684 and
589 2634 670 2683 others
682 2633 797 2682 intended
807 2644 833 2682 to
843 2633 925 2682 follow
934 2634 998 2683 their

69 2711 174 2816 ufssfie
186 2732 301 2830 ¹genitiva
365 2771 403 2818 oli
419 2769 524 2818 Romani
542 2768 563 2816 is
579 2766 702 2875 ffioverned
718 2768 751 2828 by
767 2767 808 2815 the
824 2767 892 2816 word
903 2768 995 2828 freter,

69 2827 153 2877 which
164 2828 185 2876 ie
196 2829 308 2877 containe
336 2829 361 2876 in
371 2829 413 2876 the
425 2828 555 2889 preceding
566 2843 580 2875 a
595 2827 686 2887 jectiva
695 2829 843 2889 fraternum.

71 2900 202 3013 ω’ῑίζῖῐιιὲσ
212 2904 351 2964 asarenam,-
369 2902 421 2951 that
433 2903 463 2959 is,
476 2903 538 2950 arbit
544 2903 708 2964 profuturum,
722 2899 804 2949 would
815 2902 845 2948 be
857 2899 885 2947 of
891 2915 923 2947 no
933 2896 998 2946 avail

71 3027 238 3155 'lizianelm
261 3037 382 3093 dicerunt,
405 3034 487 3084 which
507 3035 567 3083 verb
592 3033 613 3081 is
638 3031 738 3092 implied
758 3031 784 3079 in
804 3030 846 3078 the
867 3029 999 3093 preceding

87 3109 129 3144 im
141 3110 187 3141 um.

102 3161 206 3229 'Pagos
217 3166 239 3216 is
249 3165 310 3217 both
321 3182 336 3215 a
346 3167 449 3227 district,
462 3166 510 3215 and
525 3165 567 3214 the
583 3162 731 3213 inhabitants
741 3161 771 3210 os
781 3177 797 3212 a
806 3160 908 3212 district.
940 3161 997 3213 The
