2146 3704
456 118 550 160 urana
570 119 612 160 vr.
942 103 1000 163 163

71 229 97 286 in
113 229 292 284 Arduennam
309 227 414 299 silvam,
432 245 495 298 pars
512 229 540 283 in
558 228 726 282 continentes
743 228 857 300 paludes
868 231 1000 303 profugit3

69 300 115 372 qui
131 299 247 371 proximi
262 300 401 352 Oceanum
418 297 532 368 luerunt,
549 298 578 352 hi
593 298 696 353 insulis¹
711 315 772 353 sese
789 299 997 374 occultaverunt,

69 387 138 441 quas
148 377 242 423 aestus
253 368 361 422 efficere
374 377 550 422 consuerunt:
570 369 655 439 multi,
666 370 767 431 exsuis
779 370 877 423 finibus
889 372 998 443 egressi,

69 457 98 493 se
111 455 215 509 suaque
228 439 318 492 omnia
330 438 502 492 alienissimis
513 439 692 492 crediderunt.
729 439 888 509 Cativolous,
902 454 950 493 rex
960 441 999 494 di·

69 509 171 563 midiae
189 509 272 579 partis
292 508 459 577 Eburonum,
476 509 523 577 qui
541 526 595 561 una
610 526 673 562 cum
690 510 846 579 Ambiorige
858 509 1000 565 consilium

68 580 173 649 inierat,
194 587 282 632 aetate
305 577 362 647 jam
385 577 531 648 conlectus,
552 596 638 648 quum
661 579 781 634 laborem
800 579 933 641 autbelli
952 587 1000 634 aut

68 649 150 719 fugae
171 647 240 701 serre
261 665 311 700 non
333 657 431 718 posset,
444 649 570 702 omnibus
582 650 716 718 precibus²
727 650 877 703 detestatus
888 649 1000 703 Ambio·

68 721 163 788 rigam,
176 718 223 787 qui
241 718 301 788 ejus
317 718 422 770 consilii
439 727 531 772 auctor
548 718 652 799 fuisset,
666 722 746 790 tarro,8
758 720 837 791 ouJ'us
854 736 952 789 magna
971 720 1000 775 in

68 788 156 843 Gallia
168 789 367 856 Germaniaque
380 787 457 856 copia
468 797 517 858 est,
531 806 560 841 se
573 791 745 844 exanimavit.

103 863 147 910 32.
166 857 247 926 Segni
264 857 455 928 Condrusique,
470 875 504 911 cx
519 868 600 926 gente
618 868 646 911 et
662 877 774 914 numero
791 862 997 931 Germanorum,

67 928 115 998 qui
137 935 199 981 sunt
219 928 289 980 inter
309 928 449 981 Eburones
470 927 655 999 Trevirosque,
677 929 780 998 legatos
799 930 833 983 ad
855 932 999 984 Caesarem

68 998 200 1051 miseruut
219 1007 331 1066 oratum,
353 1015 387 1050 ne
408 1014 437 1049 se
458 999 486 1050 in
510 998 627 1052 hostium
650 1016 763 1052 numero
786 999 905 1069 duceret,
927 1016 998 1053 neve

67 1068 190 1122 omnium
210 1068 412 1136 Germanorum,
433 1068 480 1137 qui
500 1081 590 1122 essent
610 1069 678 1122 citra
697 1070 830 1140 Rhenum,
844 1087 926 1123 unam
938 1085 999 1122 esso

67 1154 180 1192 causam
199 1136 345 1207 judicaret:
365 1137 482 1190 nihil⁴se
501 1138 536 1191 de
557 1139 627 1192 bello
647 1140 789 1213 cogitasse,
802 1139 876 1194 nulla
887 1139 999 1193 Ambio-

68 1208 119 1276 rigi
141 1208 242 1260 auxilia
264 1207 379 1260 misisse.
415 1208 521 1276 Caesar,
545 1209 681 1276 explorata
705 1226 732 1261 re
756 1211 913 1278 quaestione
937 1226 999 1280 oap-

68 1278 203 1346 tivomrn,⁶
215 1277 295 1347 siqui
308 1276 342 1329 ad
356 1278 402 1328 eos
415 1277 555 1329 Eburones
573 1294 607 1330 ex
625 1279 689 1346 luga
706 1279 902 1348 convenissent,
915 1278 950 1331 ad
968 1295 999 1332 se

68 1354 98 1401 ut
118 1346 317 1415 reducerentur,
331 1347 488 1416 imperavit:
511 1346 533 1398 si
553 1346 590 1398 ita
609 1347 745 1416 fecissent,
765 1348 835 1400 fines
854 1363 947 1401 eorum
967 1365 999 1402 se

67 1415 229 1470 violaturum
252 1417 370 1484 negavit.
408 1415 479 1469 Tum
503 1415 587 1485 copiis
610 1416 637 1469 in
661 1424 715 1469 tres
734 1424 824 1487 partes
841 1417 998 1488 distributis,

68 1486 107 1541 im
144 1485 395 1540 dimentaomnium
408 1485 543 1554 legionum
555 1485 867 1540 Aduatucam⁰oontulit
898 1487 928 1541 ld
941 1505 999 1542 cas·

68 1556 127 1610 teli
145 1573 244 1610 nomen
265 1564 315 1609 est.
350 1556 408 1608 Hoc
428 1556 485 1608 lere
505 1564 546 1607 est
566 1556 593 1608 in
610 1556 709 1609 mediis
721 1557 878 1624 Eburonum
889 1558 998 1629 finibus,

68 1626 116 1680 ubi
127 1626 246 1680 Titurius
256 1635 338 1695 atque
350 1625 549 1679 Aurunculeius
560 1625 699 1679 hiemandi
711 1643 793 1680 causa
812 1626 998 1680 consederant.

67 1695 148 1750 Hunc
167 1713 250 1766 quum
271 1695 382 1765 reliquis
402 1695 490 1749 rebus⁷
502 1695 590 1750 locum
611 1696 747 1767 probabat,
760 1705 820 1750 tum
835 1695 906 1767 quod
919 1712 998 1766 supe·

69 1766 143 1819 rioris
153 1766 216 1819 anni
228 1766 390 1820 munitiones
402 1767 520 1834 integrae
538 1766 693 1838 manebant,
706 1775 736 1820 ut
748 1766 865 1820 militum
877 1766 998 1820 laborem

69 1835 230 1890 sublevaret.
267 1835 403 1889 Praesidio
427 1836 629 1906 impedimentis
652 1837 787 1906 legionem
804 1855 861 1892 xrv.
881 1837 996 1908 reliquit,

67 1921 151 1959 unam
164 1905 244 1959 exiis
256 1905 347 1975 tribus,
361 1923 430 1985 quas
447 1908 566 1976 proxime
585 1907 749 1976 conscriptas
766 1924 801 1961 ex
818 1908 895 1961 ltalia
913 1915 997 1960 trans·

68 1975 190 2029 duxerat.
226 1976 260 2029 Ei
277 1975 375 2044 legioni
392 1977 539 2045 castrisque
558 1976 591 2035 Q.
610 1977 728 2030 Tullium
747 1978 903 2031 Ciceronem
921 1993 997 2047 prae·

67 2045 124 2099 ficit
136 2045 320 2114 ducentosque
332 2045 437 2112 equites
448 2046 577 2099 attribuit.
959 2063 960 2066 ¹

103 2118 145 2167 33.
164 2115 263 2168 Partito
281 2115 408 2185 exercitu,
428 2115 460 2166 T.
479 2115 630 2168 Labienum
653 2130 716 2167 cum
740 2114 889 2183 legionibus
912 2117 998 2170 tribus

67 2182 102 2238 ad
114 2186 253 2239 Oceanum
266 2185 369 2237 versus⁸
380 2184 408 2237 in
426 2200 474 2236 eas
492 2191 590 2253 partes,
604 2200 674 2252 quae
694 2183 837 2252 Menapios
854 2186 1010 2256 attingunt,·

96 2323 170 2373 ¹The
180 2327 276 2374 insulae
285 2324 311 2372 in
322 2320 371 2372 this
382 2338 485 2383 passage
496 2338 564 2370 seem
575 2331 600 2371 to
611 2322 641 2369 be
653 2321 695 2370 the
706 2322 792 2371 downs
803 2338 861 2371 near
869 2324 911 2372 the
920 2334 996 2375 coast.

95 2397 200 2447 lProrea
211 2398 269 2446 here
280 2413 320 2446 are
334 2396 440 2445 ‘curses’
454 2411 481 2443 or
494 2395 696 2454 ‘imprecatione’

96 2473 105 2501 ¹
118 2471 199 2520 Taras
210 2471 232 2520 is
243 2472 285 2520 the
297 2479 432 2532 yew-tree;
449 2469 493 2517 but
504 2468 569 2516 what
583 2466 675 2516 Caesar
685 2468 743 2517 here
754 2484 840 2518 means
850 2485 890 2518 are
901 2470 997 2520 nottho

68 2528 159 2587 leaves,
173 2532 218 2579 but
228 2532 270 2579 the
281 2530 382 2586 bernes,
396 2528 476 2577 which
487 2543 527 2576 are
539 2527 678 2587 poisonous.

97 2603 186 2654 ΙΝϋιὶῑ
196 2605 217 2653 is
228 2621 243 2652 a
253 2615 366 2665 stronger
376 2601 559 2670 negativenthan
568 2619 626 2660 twa,
639 2601 687 2650 arrd
702 2601 810 2663 signifies
823 2603 863 2652 ‘in
877 2619 909 2653 no
920 2604 995 2666 way‚'

68 2679 95 2712 or
107 2665 148 2713 ‘in
158 2679 190 2712 no
200 2665 319 2713 manner!
353 2663 474 2722 Compare
486 2677 510 2708 n.
522 2665 558 2709 20.

96 2741 107 2768 ⁸
119 2737 424 2804 Quaestionecuptivorum,
436 2734 645 2803 ‘byquestioniug
653 2735 695 2784 the
704 2735 845 2796 prisonem’
853 2739 998 2800 captiuorum

69 2798 143 2858 being
154 2813 185 2845 an
196 2797 317 2857 objective
329 2806 445 2856 genitive.

97 2871 245 2918 ‘Adactacc
256 2886 307 2919 was
319 2886 333 2919 a
343 2867 448 2917 fortilied
458 2867 527 2926 place
538 2877 600 2916 west
612 2868 640 2916 ol
647 2869 688 2916 the
698 2868 795 2925 Mense,
806 2870 831 2918 in
842 2870 883 2917 the
895 2878 998 2930 country

70 2930 98 2978 of
106 2931 148 2978 the
158 2930 294 2978 Eburones.
327 2929 349 2976 It
362 2928 382 2977 is
394 2927 505 2975 believed
516 2937 541 2974 to
553 2927 635 2975 bathe
647 2928 748 2975 modern
759 2938 826 2976 town
836 2928 865 2976 of
872 2929 996 2988 Tongem.

86 3003 227 3072 ''Reliquia
240 3005 307 3082 rebus
319 3003 339 3049 is
351 3001 392 3049 the
404 3001 509 3050 ablative
521 3000 549 3048 ol
561 3016 642 3057 cause,
659 3007 705 3048 ‘on
716 3012 818 3049 account
834 3001 862 3048 ol'
873 3001 915 3049 the
927 3001 998 3051 other

73 3074 268 3112 errcumstances.
454 3076 456 3080 ·

100 3139 109 3166 ⁸
123 3135 214 3184 Versus
226 3136 247 3183 is
256 3132 384 3194 originally
391 3148 405 3180 a
413 3133 538 3192 participle
548 3132 618 3188 (from
629 3139 711 3190 verto),
720 3135 764 3181 but
776 3150 844 3183 carne
855 3134 997 3184 afterwards

72 3203 97 3243 to
108 3197 139 3243 be
151 3194 210 3243 used
221 3211 248 3242 as
259 3210 274 3242 a
282 3192 442 3254 preposidon,
452 3193 500 3242 arrd
508 3193 569 3242 then
576 3193 620 3243 the
627 3194 795 3257 prepositum
802 3198 835 3243 od
844 3194 1016 3248 antummum
