2146 3704
459 116 552 158 arnan
572 116 612 158 rr.
941 97 997 156 lll

71 237 134 295 pots
160 221 386 293 opportunissimo
410 224 508 278 Caesar
533 225 664 278 auxilium
691 223 750 277 tulit
757 240 765 294 3
793 240 911 294 namque
938 223 998 294 ejus

72 294 191 347 adventu
210 292 302 345 hostes
319 294 501 364 constiterunt,
517 296 598 347 nostri
617 311 647 346 se
666 311 701 346 ex
718 294 812 346 timore
831 302 997 363 receperunt.

72 364 130 422 Quo
155 361 227 415 iacto
247 361 283 415 ad
302 362 491 416 lacessendum
516 374 543 417 et
566 364 601 416 ad
625 363 848 416 committendum
868 363 999 433 proelium

72 432 194 485 alienum
211 447 272 484 esse
292 440 399 502 tempus
416 432 557 486 arbitratus
569 449 617 485 suo
629 433 729 485 se'loco
743 432 872 486 continuit
885 441 912 484 et
924 432 1000 486 brevi

73 511 194 571 ternpore
215 501 364 554 intermisso
385 503 413 554 in
436 511 523 555 castra
547 502 666 571 legiones
689 502 802 556 reduxit.
839 502 911 554 Dum
931 501 1000 554 haec

107 579 209 639 runtur,
231 571 328 624 nostris
346 571 471 625 omnibus
491 573 635 641 occupatis,
654 572 709 640 qui¹
729 580 805 625 erant
822 571 850 624 in
870 570 940 638 agris
959 587 999 623 re·

85 641 145 711 qui,
164 639 354 693 discesserunt.
391 641 505 693 Secutae
536 652 598 694 suut
614 643 753 695 continuos
769 640 921 711 complures
941 639 1000 692 dies

74 717 257 780 tempestates,
271 710 351 778 quae²
362 720 390 763 et
402 717 503 763 nostros
518 710 545 764 in
563 712 657 764 castris
675 711 840 764 continerent
852 720 879 763 et
893 709 1000 764 hostem

74 795 89 832 a
116 795 209 848 pugna
237 779 417 848 prohiberent.
453 780 564 834 Interim
587 781 692 835 barbari
717 780 825 834 nuntios
850 780 878 833 in
904 795 999 834 omnes

74 857 164 919 partes
192 847 353 901 dimiserunt
375 848 594 919 paucitatemque
623 860 771 904 nostrorum
795 850 913 904 militum
942 847 999 903 suis

74 917 295 988 praedicaverunt
317 927 345 970 et
368 927 467 987 quanta
510 920 605 972 raedae
626 919 766 973 faciendae
789 929 871 990 atquc
892 919 919 972 in
940 935 999 989 per·

73 995 187 1056 petitum
210 988 252 1040 sui
274 987 406 1041 liberandi
429 936 544 1042 facultas
566 989 680 1059 daretur,
701 991 723 1042 si
747 990 880 1043 Romanos
904 987 999 1041 cestrie

74 1057 247 1126 expulissent,
272 1058 529 1111 demonstraverunt.
565 1059 613 1112 His
639 1058 729 1113 rebus¹
751 1060 874 1111 celeriter
899 1072 999 1125 magna

74 1126 245 1180 multitudino
268 1126 404 1196 peditatus
426 1129 615 1199 equitatusque
638 1137 731 1184 coacta
753 1129 788 1182 ad
811 1137 898 1182 castra
917 1143 998 1180 vene·

74 1205 141 1249 runi.

106 1269 149 1318 ³5.
169 1265 274 1334 Caesar,
288 1264 339 1317 etsi
357 1264 438 1334 idem,
454 1266 526 1335 quod
545 1266 723 1336 superioribus
740 1266 837 1320 diebus
853 1266 996 1335 acciderat,

73 1333 127 1388 loro
146 1334 265 1404 videbat,
285 1344 315 1387 ut
333 1335 356 1386 si
376 1343 466 1386 essent
486 1334 577 1387 hostes
597 1334 675 1404 pulsi,
694 1335 832 1387 celeritate
848 1335 999 1404 periculum

73 1404 222 1472 effugerent
253 1412 344 1457 tamen
367 1412 463 1456 nactus
485 1404 590 1473 equites
613 1403 717 1456 circiter
734 1421 808 1471 xxx„
829 1419 897 1471 quos
920 1403 997 1455 Com-

73 1474 143 1543 mius
155 1476 221 1527 Atre
258 1490 278 1542 s,
292 1474 327 1526 de
345 1489 398 1541 quo
409 1483 472 1525 ante
491 1473 594 1526 dictum
607 1481 754 1543 est‚sscum
767 1480 995 1542 transportaverat,

73 1541 192 1612 legiones
216 1543 243 1595 in
269 1543 329 1596 acie
355 1559 401 1612 pro
424 1544 519 1596 castris
542 1542 686 1595 constituit.
723 1543 872 1595 Commisso
897 1540 996 1612 proelio

72 1613 181 1666 diutius⁴
192 1620 341 1666 nostrorum
359 1612 475 1665 militum
494 1613 625 1682 impetum
642 1612 732 1664 hostes
751 1611 820 1663 ferre
837 1627 890 1663 non
906 1619 997 1680 potue-

72 1693 130 1735 runt
148 1699 182 1735 ac
200 1691 275 1749 terga
291 1690 435 1735 verterunt.
472 1683 545 1741 Quos
564 1691 635 1735 tanto
653 1683 737 1751 spatio
753 1681 846 1749 secuti,
866 1689 998 1760 quantum

72 1768 151 1805 cursu
171 1760 199 1805 et
219 1751 320 1804 viribus
340 1751 449 1804 efficere
472 1761 620 1822 potueruut,
642 1751 795 1822 complures
814 1767 850 1805 ex
872 1751 905 1803 ris
927 1749 997 1802 occi·

71 1821 174 1900 derunt,
194 1821 293 1874 deinde
310 1822 435 1875 omnibus
455 1822 533 1891 longe
553 1822 660 1892 lateque
680 1821 811 1876 aediliciis
830 1820 947 1874 incensis
967 1837 997 1873 sc

72 1900 197 1945 mcastra
210 1899 376 1960 receperunt.
416 1931 420 1938 .

104 1965 147 2014 36.
167 1960 272 2014 Eodem
289 1959 335 2013 die
357 1961 438 2029 legati
457 1960 493 2013 ab
512 1961 633 2015 hostibus
652 1961 727 2014 missi
747 1960 781 2014 ad
801 1962 945 2016 Caesarem
962 1959 997 2012 de

70 2045 137 2109 pace
156 2038 296 2084 venerunt.
333 2030 381 2082 His
401 2032 499 2083 Caesar
522 2048 665 2085 numerum
682 2030 815 2100 obsidum,
834 2047 917 2100 quem
934 2038 996 2082 anto

70 2109 257 2170 imperaverat,
271 2099 418 2168 duplicavit
431 2115 530 2168 eosque
547 2100 575 2152 in
592 2101 774 2153 continentem
792 2100 890 2153 adduci
909 2099 995 2170 jussit,

70 2171 140 2237 quod
153 2169 302 2239 propinqua
318 2170 363 2222 die
380 2169 542 2238 aequinoctii
560 2169 672 2222 infirmis
689 2169 804 2221 navibus
822 2168 905 2222 hiemi
924 2169 998 2222 navi·

69 2241 205 2307 gationem
218 2237 424 2307 subjiciendam⁸
436 2255 488 2291 non
501 2239 682 2292 existimabat.
718 2238 780 2307 Ipse
792 2237 916 2290 idoneam
929 2247 997 2290 tem·

70 2316 204 2378 pestatem
218 2317 313 2361 nactus
325 2308 404 2378 paulo
416 2316 475 2376 post
484 2307 605 2361 mediam
617 2317 724 2360 noctem
736 2323 820 2358 naves
832 2307 917 2376 solvit,
927 2323 998 2377 quae

70 2393 165 2432 omnes
186 2377 335 2431 incolumes
357 2377 392 2430 ad
416 2377 595 2429 continentem
615 2385 811 2446 perrenemnt5
835 2376 883 2428 sed
908 2393 943 2428 ex
965 2376 999 2429 iis

69 2577 150 2628 dative
162 2578 299 2639 dependent
311 2595 376 2637 upon
386 2581 502 2627 auxilinm
513 2581 579 2636 tulit,
589 2595 616 2627 or
626 2595 653 2626 as
662 2595 693 2627 an
701 2577 807 2626 ablativa
816 2576 941 2637 absolute;
954 2579 997 2627 but

69 2641 111 2686 tne
122 2638 196 2687 latter
203 2654 285 2686 seems
297 2637 438 2698 preferable.

98 2713 106 2740 ¹
117 2710 173 2758 'I'he
182 2713 225 2818 qni
235 2711 310 2760 refers
323 2719 347 2758 to
358 2711 428 2759 those
436 2697 534 2760 Britons
541 2712 597 2760 who
608 2710 656 2760 had
667 2713 730 2759 been
741 2711 784 2760 lest
795 2711 885 2762 behind
896 2711 999 2760 ontheir

69 2778 170 2828 estates,
194 2786 221 2819 or
233 2772 320 2831 reliqui
330 2770 374 2818 has
386 2771 427 2818 the
438 2787 506 2819 same
518 2772 632 2832 meaning
643 2788 670 2820 as
682 2774 765 2820 relicti.
797 2772 844 2820 See
856 2772 925 2832 chop.
937 2776 974 2820 32.

97 2843 190 2904 'Quae
205 2845 315 2892 contains
332 2844 373 2891 the
390 2844 443 2892 idea
458 2844 486 2891 of
499 2854 539 2901 nt;
560 2845 666 2905 hemely,
685 2855 767 2893 tantae
782 2854 937 2908 tempestates,
955 2852 1001 2905 at;

69 2902 147 2950 hence
159 2903 200 2950 the
211 2903 381 2964 subjunctives
391 2906 537 2952 continerent
549 2904 595 2952 and
608 2906 765 2966 prohiberent.

99 2975 238 3036 'Namely‚
252 2975 333 3024 which
344 2976 386 3024 the
399 2977 492 3024 leaders
503 2977 531 3024 os
543 2977 585 3024 the
597 2977 695 3025 Britons
707 2976 755 3025 had
767 2974 914 3024 mentioned.

99 3047 237 3110 ‘Narnely,
250 3048 310 3096 than
321 3065 372 3096 was
388 3065 519 3110 necessary
529 3059 555 3097 to
566 3049 651 3097 enable
665 3048 757 3096 Caesar
767 3063 794 3096 or
804 3047 843 3096 his
854 3047 961 3097 cncmies
973 3058 999 3098 to

70 3123 116 3167 say
128 3107 181 3156 that
192 3124 207 3156 a
217 3108 294 3157 battle
305 3123 358 3164 was
368 3109 462 3170 fought.

98 3180 248 3243 ‘Snljr'eere
262 3190 288 3231 to
299 3196 390 3243 exposa
401 3191 427 3231 to
438 3182 480 3231 the
491 3197 575 3242 power
585 3197 612 3230 or
623 3180 743 3230 influence
754 3179 783 3231 ol
794 3196 863 3231 some
873 3196 928 3230 one.
