2146 3704
457 120 548 161 erasa
562 121 616 163 vrr.
941 101 997 162 20}

72 232 130 283 rent
137 245 145 299 ς
174 226 274 281 eadem
297 225 332 282 de
356 227 519 300 profectione
543 229 671 299 cogitans,
690 244 761 299 quae
784 236 847 283 ante
870 237 999 302 senserat,

71 297 193 369 legiones
211 315 246 352 ex
262 298 358 351 castris
375 299 469 352 eduxit
486 299 629 368 aciemque
653 298 749 351 idoneo
773 297 830 352 loco
854 301 999 371 constituit.

70 367 164 428 Quum
177 367 378 436 Vercingetorix
394 368 477 421 nihilo
494 368 581 436 magis
599 369 626 421 in
643 384 761 439 aequum
779 368 870 423 locum
888 369 1000 423 descen·

70 437 155 508 deret,
176 437 230 489 levi
248 435 318 490 facto
337 438 454 508 equestri
466 438 564 508 proelio
582 447 662 507 atque
681 439 721 490 eo¹
735 439 861 508 secundo,
875 438 902 492 in
914 449 1001 492 castra

70 507 224 560 exercitum
246 506 359 560 redusit.
395 508 486 565 Quum
510 506 561 559 hoo
584 507 658 560 idem
681 515 785 577 postero
814 508 858 560 die
882 507 999 579 fecisset,

69 577 137 644 satis
155 573 191 627 ad
209 575 343 629 Gallicam
354 578 559 630 ostentationem
572 576 748 630 minuendam
760 576 932 647 militumque
944 578 999 631 ani-

69 662 131 699 mos
143 645 339 698 confirmandos
352 645 454 699 factum
467 646 630 715 existimans,
645 647 673 698 in
685 646 795 700 Aeduos
808 656 895 700 castra
906 647 999 700 movit.

67 712 113 768 Ne
127 724 187 767 tum
199 713 310 783 quidem
329 715 456 768 insecutis
472 715 602 785 hostibus,
617 716 693 769 tertia
711 715 754 768 die
772 716 807 770 ad
825 717 925 771 flumen
939 717 1000 771 Ela-

68 785 128 838 ver²
139 793 251 854 pontem
263 784 356 837 refecit
368 794 449 854 atque
461 786 609 838 exercitum
622 785 780 838 transduxit.

73 851 76 860 ¹
104 858 149 905 54.
169 852 210 906 Ibi
226 870 243 905 a
254 853 412 906 Virdumaro
432 862 513 924 atque
526 855 698 924 Eporedirige
710 855 815 909 Aeduis
832 856 1002 928 appellatus,⁸
1023 859 1025 863 '

67 921 151 976 discit
170 939 234 975 eum
251 924 325 975 omni
342 924 462 992 equitatu
476 924 625 977 Litavioum
643 925 679 976 ad
698 924 879 979 sollicitandos
890 927 1001 980 Aeduos

66 990 238 1063 profectum:
262 1008 329 1060 opus
346 1009 407 1044 esse
426 1005 453 1046 et
472 993 543 1063 ipsos
560 993 720 1046 antecedere
737 994 772 1046 ad
790 995 1001 1050 confirmandam

66 1061 219 1114 civitatem.
256 1062 314 1114 Etsi
333 1061 426 1115 multis
447 1063 498 1117 'am
517 1062 597 1115 rebus
615 1063 756 1132 perfidiam
768 1064 924 1118 Aeduorum
942 1082 1000 1136 per·
1021 1122 1022 1126 ,

67 1137 194 1201 epactam
206 1130 332 1200 habebat,
346 1139 426 1200 atque
440 1081 534 1186 dorum
547 1132 669 1186 discessu
681 1132 855 1186 admaturari⁴
871 1133 1000 1188 defectio·

65 1206 135 1253 hem
148 1200 264 1253 civitatis
277 1200 463 1254 existimabat:
483 1211 574 1254 tamen
593 1219 640 1254 eos
653 1203 805 1257 retinendos
816 1220 868 1256 non
882 1203 996 1275 censuit,

65 1284 103 1322 ne
122 1277 170 1322 aut
188 1269 284 1322 inferre
304 1268 428 1339 injuriam
446 1270 587 1339 videretur,
607 1280 654 1324 aut
672 1271 736 1324 dare
760 1273 862 1324 timoris
879 1275 1000 1343 aliquam

66 1338 260 1408 suspicionem.
298 1339 507 1393 Discedentibus
525 1339 568 1392 his
585 1338 702 1392 breviter
714 1357 762 1393 sua
775 1341 802 1392 in
814 1340 925 1394 Aeduos
942 1359 999 1403 me·

66 1407 120 1461 rita
132 1409 255 1477 exponit:
274 1409 351 1478 quos⁸
362 1417 389 1460 et
401 1426 483 1478 quam
502 1407 620 1461 humiles
636 1409 793 1479 accepisset,
807 1410 959 1479 compulsos
971 1410 999 1464 in

65 1477 176 1547 oppida,
195 1478 322 1530 multatos
339 1478 417 1548 agris,
437 1478 562 1530 ominbus
581 1479 679 1547 ereptis
697 1478 788 1548 copiis,
809 1479 934 1549 imposito
953 1481 999 1532 sti-

65 1545 175 1626 pendio,
195 1547 335 1601 obsidibus
353 1564 460 1600 summa
478 1564 540 1600 cum
560 1545 721 1600 contumelia
734 1548 858 1618 extortis,
877 1557 904 1602 et
916 1566 1000 1618 quam

66 1632 96 1669 ru
121 1615 254 1669 fortunam
273 1633 408 1685 quamque
432 1617 461 1670 iu
484 1616 692 1685 amplitudinem
715 1617 878 1687 deduxisset,
898 1627 999 1672 utnon

66 1682 157 1738 solum
172 1685 197 1738 in
216 1686 359 1756 pristinum
376 1695 476 1739 statum
490 1685 629 1756 redissent,
645 1686 693 1738 sed
710 1686 830 1740 omnium
847 1694 999 1757 temporum

66 1753 228 1824 dignitatem
251 1764 278 1808 et
301 1755 424 1823 gratiam⁶
446 1756 624 1809 antecessisse
648 1756 809 1810 viderentur.
853 1757 903 1810 His
926 1756 998 1810 datis

66 1823 210 1893 mandatis,
225 1841 271 1876 eos
283 1825 317 1878 ab
330 1841 359 1876 se
372 1825 482 1878 dimisit.
823 1881 825 1886 ,
989 1872 991 1877 ,

81 1896 83 1900 ’
103 1898 144 1946 55.
164 1894 363 1947 Noviodurrum⁷
375 1904 431 1948 erat
449 1895 575 1966 oppidum
588 1894 752 1967 Aeduorum,
766 1895 801 1949 ad
813 1896 884 1966 ripas
895 1896 998 1965 Ligeris

66 1972 214 2032 opportuno
232 1963 289 2016 loco
308 1965 433 2033 positum.
470 1967 529 2018 Huc
542 1967 640 2018 Caesar
651 1982 746 2019 omnes
764 1966 872 2020 obsides
884 1967 995 2036 Galliae,

66 2031 241 2102 frumentum,
254 2034 398 2103 pecuniam
416 2035 561 2102 publicam,
576 2052 684 2088 suorum
702 2044 784 2104 atque
802 2037 936 2089 exereitus
948 2036 996 2088 im-

66 2101 284 2170 pedimentorum
307 2119 434 2170 magnam
458 2111 564 2172 partem
593 2104 752 2156 contulerat:
783 2103 837 2157 huc
866 2122 997 2174 magnum

66 2187 210 2224 numerum
223 2189 359 2241 equorum,
374 2171 453 2240 hujus
472 2171 536 2224 belli
553 2188 635 2224 causa
647 2173 673 2225 in
685 2172 762 2225 Italia
773 2181 855 2240 atque
867 2174 997 2242 Hispania

67 2249 212 2311 coemtum,
226 2242 344 2294 miserat.
382 2242 421 2294 Eo
440 2258 524 2311 quum
542 2240 699 2310 Eporedirix
710 2241 938 2311 Virdumarusque
950 2259 996 2295 ve·

67 2387 105 2492 ,⁰¹
114 2386 195 2446 Atque
205 2405 238 2445 aa,
254 2387 317 2436 ‘and
327 2388 379 2436 that
390 2387 550 2437 asuoccsssul
558 2388 623 2445 one,'
637 2386 750 2449 foretque
757 2387 815 2436 here
826 2388 870 2437 has
881 2389 994 2450 explana·

94 2459 122 2504 ry
133 2460 223 2504 power.

83 2517 164 2582 ‘'See
176 2519 217 2566 vii.
229 2522 267 2576 34,
281 2528 338 2568 note
351 2523 371 2568 1.
411 2509 413 2512 Α

97 2591 245 2653 ¹Appellare
255 2592 313 2641 here
325 2593 369 2641 has
380 2593 421 2641 the
433 2608 504 2641 sense
515 2591 544 2640 of
552 2594 644 2653 alloqui
652 2607 680 2641 or
690 2593 765 2640 adire.

97 2664 282 2721 ⁴Admatarari‚
296 2682 312 2715 a
321 2682 373 2714 rare
384 2666 454 2723 form,
467 2682 499 2714 on
510 2666 551 2715 the
563 2667 667 2727 analogy
677 2667 706 2715 of
715 2669 833 2724 adamare,
846 2669 993 2726 addubitare,

69 2723 117 2771 and
127 2724 221 2772 similar
231 2727 311 2773 verbs.
344 2726 399 2774 The
411 2725 559 2785 preposition
570 2730 601 2774 ad
611 2726 769 2787 strengthens
781 2727 822 2775 the
834 2729 956 2789 meaning,
967 2743 995 2776 so

68 2781 292 2902 thqqtpydqnaturari
312 2785 333 2833 is
354 2785 493 2850 equivaleut
514 2795 539 2834 to
560 2789 629 2834 valde
648 2789 774 2845 maturari,
800 2792 849 2836 ‘to
861 2788 995 2837 accelerato

69 2857 108 2945 gr*
121 2915 186 2977 Quos
197 2917 242 2965 has
253 2918 295 2966 the
306 2935 373 2966 same
385 2919 499 2980 meaning
510 2923 637 2981 aequales.

99 2993 108 3019 ⁸
120 2993 206 3040 Gratia
217 2993 242 3040 in
253 2995 373 3042 annotivo
385 3010 456 3044 sense
468 2995 488 3043 is
502 2995 644 3052 ‘influence'
657 3010 685 3043 or
698 2995 811 3054 ‘powen’

98 3063 286 3113 ⁷Nouiodunum
300 3066 320 3113 is
337 3067 379 3114 the
397 3069 497 3116 modern
513 3078 580 3115 town
596 3067 625 3115 os
639 3067 735 3116 Nevers
752 3084 784 3116 on
800 3068 842 3116 the
853 3068 934 3125 Loire‚
948 3070 995 3121 end

70 3133 136 3170 must
153 3125 184 3171 be
202 3123 379 3184 distinguished
396 3127 458 3175 from
471 3127 646 3175 Noviodunum
663 3128 690 3175 of
702 3128 745 3176 the
756 3127 888 3189 Bituriges,
902 3130 942 3178 vii.
956 3135 993 3190 12,

70 3181 117 3231 and
128 3181 191 3231 srom
202 3181 377 3232 Noviodunum
388 3185 416 3234 of
428 3186 470 3234 the
481 3186 638 3244 Suessiones,
648 3186 693 3236 the
701 3187 808 3237 modern
813 3188 946 3236 baisam.
