2146 3704
96 269 137 330 64
382 281 424 325 na
445 282 543 325 annuo
563 249 702 324 oroneo.

78 394 209 468 proficisci
225 392 318 466 jubet:
343 394 373 448 C.
385 393 551 449 Trebonium
569 407 634 446 oum
653 390 711 462 pari
731 389 871 460 legionum
894 405 1006 447 numero

77 465 112 521 ad
135 483 198 519 eam
221 465 368 535 regionem,
392 480 463 534 quae
486 462 636 519 Aduatuois
658 461 765 531 adjacet
787 461 823 514 de
860 460 1006 531 pulandam

76 537 174 595 mittit:
198 535 257 606 ipse
278 552 343 590 oum
362 534 472 603 reliquis
490 533 575 587 tribus
594 532 630 585 ad
649 532 754 589 fiumen
772 529 824 584 Soa
835 530 921 603 dem,¹
936 531 1005 602 quod

77 607 164 662 influit
186 606 214 660 iu
237 606 353 676 Mosam,
378 612 567 672 extremasque
585 601 747 656 Arduennae
770 609 862 671 partes
884 601 924 655 ire
947 618 1006 656 oon·

77 677 162 731 stituit
195 693 248 746 quo
277 693 342 735 cum
364 675 460 744 paucis
488 672 625 753 equitibus
647 671 798 752 profectum
820 671 1007 742 Ambiorigem

76 716 212 801 audiebat.
248 745 399 799 Discedens
453 753 478 798 st
497 742 572 797 drem
587 742 820 820 septimum²sese
837 757 1007 820 reversurum

77 817 232 870 confirmat:
251 832 333 885 quarn
353 814 389 868 ad
407 761 481 868 <iiim
499 813 525 865 ei
542 812 649 885 legioni,
662 828 771 882 quaein
784 810 1007 881 praesidiorelin·

76 887 217 957 quebatur,
230 885 396 938 frumentum
414 883 508 937 deberi
520 882 632 936 sciebat.
668 880 820 935 Labienum
831 881 1008 938 Trebonium·

76 973 130 1079 que
142 955 268 1024 hortatur,
282 957 304 1006 si
317 953 490 1024 reipublicae⁸
501 951 644 1007 commodo
661 951 751 1005 iacere
769 952 878 1031 possint,
892 951 927 1006 ad
945 969 1008 1007 eam

95 1026 151 1079 iem
174 1031 356 1093 revertantur,
385 1031 414 1076 ut
437 1039 528 1077 rursus
556 1022 754 1076 communicato
783 1021 895 1074 consibo
918 1022 1008 1093 explo-

76 1095 193 1164 ratisque
217 1093 336 1149 hostium
358 1093 505 1148 rationibus
524 1091 599 1146 aliud
617 1091 685 1147 belli
703 1093 810 1145 initium
830 1108 930 1162 capere
949 1109 1008 1165 pos·

76 1173 146 1219 sent.

112 1240 155 1287 34.
174 1234 246 1303 Erat,
268 1241 298 1287 nt
322 1250 403 1303 supra
425 1230 677 1300 demonstravimus,
699 1231 805 1285 rnanus⁴
827 1239 903 1285 certa
926 1249 945 1287 n

76 1319 131 1358 non
143 1303 280 1373 oppidum,
293 1319 346 1356 non
365 1302 529 1371 remidium,
543 1300 614 1371 quod
632 1317 662 1354 se
680 1301 764 1354 armis
781 1301 943 1356 defenderet

77 1375 107 1428 in
123 1390 218 1426 omnes
235 1380 326 1443 partes
368 1373 471 1443 ispersa
487 1370 641 1426 multitudo.
677 1370 731 1425 Ubi
749 1372 847 1441 cuique
864 1381 913 1426 aut
932 1372 1009 1427 vallis

76 1443 177 1514 abdita,
189 1452 235 1497 aut
247 1443 323 1499 locus
335 1443 472 1512 silvestris,
484 1450 531 1495 ant
542 1441 620 1512 palus
638 1440 768 1511 impedita
786 1458 863 1512 spem
882 1442 1010 1512 praesidii

76 1522 125 1568 aut
143 1514 237 1568 salutis
253 1514 374 1585 aliquam
391 1512 530 1583 offerebat,
549 1510 716 1565 consederat.
752 1511 828 1564 Haec
844 1511 905 1565 loca
916 1513 1008 1569 vicini·

78 1584 187 1638 tatibus⁶
205 1594 280 1638 erant
297 1593 367 1655 nota,
385 1598 567 1655 magnamque
592 1599 634 1635 res
656 1580 823 1650 diligentiam
846 1582 1007 1655 requirebat,

77 1670 130 1708 non
148 1653 176 1706 in
194 1665 303 1708 summa
319 1654 453 1707 exercitus
471 1652 590 1723 tuenda,⁸
601 1650 717 1723 (nullum
735 1651 810 1705 enim
863 1659 932 1706 terat
950 1653 1008 1708 uni·

77 1722 163 1778 versis
180 1722 216 1777 ab
233 1724 380 1794 perterritis
390 1735 430 1776 'ao
447 1722 575 1793 dispersis
593 1720 743 1791 periculum
762 1720 820 1774 acci
840 1722 900 1791 ere)
913 1721 964 1776 sed
980 1722 1009 1779 iu

78 1791 191 1862 siugulis
208 1793 341 1848 militibus
356 1792 562 1862 conservandis,
580 1807 651 1860 quae
668 1801 759 1844 tamen
778 1807 812 1844 ex
829 1799 906 1860 parte
918 1803 963 1850 res
973 1791 1008 1849 ad

77 1862 195 1917 salutern
219 1863 353 1918 exereitus
375 1862 536 1932 pertinebat.
583 1863 656 1915 Nam
679 1869 707 1914 et
729 1860 844 1933 praedae
874 1862 1008 1932 cupiditas

78 1931 178 1985 multos
195 1931 300 1998 longius
317 1932 455 2000 evocabat,
473 1939 501 1983 et
518 1930 603 1984 silvae
620 1930 729 1984 incertis
745 1931 914 2001 occultisque
930 1931 1007 1989 itine-

78 2000 153 2055 ribus
170 2000 303 2053 consertos
326 2001 400 2053 adira
417 1999 602 2069 prohibebant.
638 1999 664 2052 Si
682 2000 819 2068 negotium
837 2001 933 2056 confici
951 2001 1007 2056 stir-

78 2085 197 2141 pemque
220 2068 359 2123 hominum
384 2069 573 2122 sceleratorum
591 2069 704 2122 interfici
721 2069 811 2141 vellet,
830 2070 1007 2128 dimittendae

79 2139 170 2211 plures
192 2154 290 2191 manus
312 2137 510 2207 diducendique
533 2146 609 2191 erant
632 2139 747 2193 milites:
773 2140 796 2193 si
815 2141 955 2195 continere
973 2139 1007 2195 ad

80 2209 156 2277 signa
167 2207 319 2277 manipulos
330 2207 420 2278 vellet,
433 2215 463 2261 ut
481 2207 602 2262 instituta
618 2211 684 2261 ratio
702 2219 730 2262 et
747 2209 914 2263 consuetudo
931 2220 1007 2269 exer·

80 2342 171 2377 werec
183 2307 191 2336 ²
210 2325 285 2387 inally
292 2325 376 2388 joined
387 2336 412 2374 to
423 2326 465 2376 the
476 2325 609 2386 participle,
622 2342 688 2375 were
699 2336 740 2387 yet
751 2327 860 2380 retained
870 2329 897 2378 in
906 2345 1006 2379 conver·

79 2386 183 2437 sational
204 2402 323 2448 anguage,
335 2385 436 2435 whence
448 2401 486 2434 we
497 2385 565 2433 often
574 2385 624 2434 find
634 2389 667 2434 od
676 2403 760 2435 versus
771 2402 799 2436 or
807 2389 834 2437 in
844 2405 938 2438 cerras.

110 2463 118 2491 ¹
128 2459 222 2511 Scaldis
234 2461 255 2509 is
266 2460 309 2509 the
317 2460 418 2510 modern
426 2459 539 2516 Schelde,
547 2475 587 2507 ern
604 2469 614 2507 t
632 2459 673 2521 ing
681 2459 751 2527 its&
757 2461 808 2509 into
819 2462 861 2511 the
873 2479 916 2512 saa
926 2463 1007 2513 below

80 2521 210 2591 Antwerp.
242 2519 358 2569 Caesar’s
374 2520 521 2579 description
531 2518 575 2567 has
587 2475 631 2567 hi
637 2530 827 2589 commentators
837 2530 864 2570 to
874 2522 918 2572 the
928 2521 1006 2582 belias

79 2582 133 2630 that
144 2580 293 2642 orrgrnallyn
301 2578 392 2629 branch
400 2578 429 2628 of
436 2579 478 2627 the
486 2578 592 2628 schalde
603 2579 691 2628 flowed
702 2587 753 2627 into
763 2579 805 2628 the
814 2580 918 2639 Meuser
933 2584 978 2632 but
988 2582 1006 2629 it

80 2650 148 2690 must
158 2640 237 2689 either
245 2641 276 2688 be
287 2639 410 2699 supposed
420 2639 473 2689 that
481 2639 524 2687 the
531 2637 611 2687 whole
620 2647 723 2700 country
730 2640 843 2688 between
851 2641 894 2690 the
902 2640 1006 2690 Scheide

80 2700 128 2748 and
139 2699 228 2747 Mense
239 2698 284 2747 has
294 2698 399 2758 entirely
407 2698 518 2759 changed
528 2698 560 2747 its
571 2706 655 2757 aspect
665 2698 732 2747 since
744 2699 785 2746 the
797 2698 827 2750 da
845 2716 857 2748 s
868 2700 897 2749 of
905 2701 1005 2758 Caesar.

76 2773 108 2807 or
119 2758 171 2806 that
184 2758 276 2806 Caesar
287 2772 338 2807 was
349 2757 472 2807 mistaken
482 2757 508 2806 in
518 2757 605 2818 saying
615 2760 677 2819 quod
687 2759 768 2822 influit
779 2760 806 2807 io
846 2777 919 2809 oram.

109 2830 188 2879 'Post
199 2833 260 2878 dien
269 2832 405 2892 septimum
423 2831 512 2913 supply
522 2832 663 2900 inchoatam,
675 2846 704 2880 so
718 2831 771 2881 that
783 2832 801 2881 it
812 2833 929 2884 becomes
939 2831 1006 2895 equi·

80 2890 164 2940 valent
174 2899 201 2937 to
214 2889 313 2938 ‘onthe
324 2889 427 2938 seventh
438 2888 494 2954 day.
536 2890 584 2939 See
594 2906 627 2940 vr.
639 2892 676 2939 35.
849 2915 850 2919 =

110 2962 251 3021 ¹Compara
261 2977 285 3010 v.
296 2963 336 3020 46,
348 2971 406 3010 note
417 2964 440 3010 6.

81 3039 120 3160 pl·
128 3035 237 3094 Manum
252 3035 306 3086 that
316 3035 347 3094 is,
357 3050 373 3086 a
382 3034 504 3085 sufficient
514 3038 618 3086 number
628 3036 657 3086 of
663 3037 765 3088 soldiers
776 3038 917 3089 resembled
926 3039 952 3089 in
961 3053 1008 3088 ono·

108 3114 158 3147 ace.

110 3169 276 3220 ‘Vicinitotea
288 3169 377 3219 herois
392 3169 434 3219 the
450 3184 519 3219 same
535 3184 563 3218 aa
579 3169 662 3227 cr'cini,
675 3169 717 3219 the
734 3171 840 3221 abstract
856 3171 932 3234 being
947 3168 1006 3220 used

83 3230 179 3279 instead
189 3230 217 3278 of
229 3230 270 3278 the
281 3239 402 3278 concrete.

64 3303 195 3420 ’ὦψαι
205 3304 236 3360 is,
254 3303 293 3352 ‘in
303 3303 346 3353 the
357 3318 411 3354 oure
422 3302 459 3353 for
469 3302 511 3351 the
522 3301 657 3362 protection
668 3302 696 3352 os
704 3303 746 3390 the
758 3303 838 3354 whole
849 3319 916 3356 mass
926 3302 954 3353 oi
964 3301 1005 3350 tho
