2146 3704
460 117 554 160 urana
573 117 607 162 rr.
683 139 688 145 -
957 104 998 167 65

73 223 177 297 hasque
188 225 342 282 mustitutis
352 225 538 297 magnitudine
555 245 571 281 o
608 245 675 298 rum,
706 244 759 282 uae
776 244 865 300 neque
877 229 999 288 videraut

71 306 134 352 aute
146 297 250 352 Gallio
287 312 321 350 ue
333 297 482 369 audierant,
495 307 523 351 et
535 298 672 352 ecaritate
687 244 867 354 Bomanorum
883 302 999 372 permoti

72 367 176 437 legatos
205 365 241 420 ad
309 383 414 420 esarem
436 366 472 421 de
485 367 632 423 ‚deditione
661 368 772 422 mittunt
794 377 822 423 et
844 372 1000 441 petentibus

71 437 170 508 Remis,
184 447 215 492 ut
227 446 454 506 conservarentur,
467 437 619 506 impetrant.

109 512 149 562 13.
168 509 269 562 Caesar
278 506 418 560 obsidibus
435 507 561 576 acceptis,
574 506 668 578 primis
685 505 799 561 civitatis
814 521 897 579 atque
915 508 999 581 ipsius

72 577 176 631 Galbae
186 577 257 647 regis
268 575 374 630 duobus
384 576 455 647 filiis,
465 577 602 646 armisque
613 577 739 632 omnibus
748 595 782 631 ex
790 579 888 660 oppido
897 581 1000 635 traditis

73 647 98 700 in
110 646 279 700 deditionem
297 647 453 700 Suessiones
470 647 575 717 accepit
586 647 791 717 exercitumque
803 666 830 702 rn
843 648 1000 705 Bellovacos

72 715 155 770 ducit
191 717 244 776 Qui
256 733 320 770 cum
332 733 362 768 se
375 732 478 784 suaque
489 718 580 770 omnia
591 717 618 771 in
631 717 760 788 oppidum
772 718 1000 790 Bratuspantium¹

72 784 257 855 contulissent,
269 795 352 856 atque
363 785 399 838 ab
411 803 444 838 eo
455 786 551 857 oppido
563 787 738 842 Caesareum
757 789 877 842 exercitu
894 789 1000 845 circiter

71 855 148 910 milia
158 872 288 926 passuum
296 856 415 926 quinque
427 855 542 927 abesset,
552 873 647 911 ornnes
659 857 774 929 majores
784 867 850 912 natu
858 860 999 930 exoppido

71 926 174 994 egressi
187 942 285 980 manus
296 926 332 978 ad
344 925 488 979 Caesarem
501 926 612 980 tendere
624 936 651 980 et
663 944 729 982 voce
741 928 892 998 significare
903 947 999 1001 coepe·

71 1004 134 1049 runt
151 1013 212 1049 sese
231 996 258 1049 iu
275 995 336 1066 ejus
352 994 435 1048 fidem
453 1013 487 1049 ac
505 1005 666 1066 potestatem
684 998 777 1051 venire
801 1015 890 1067 neque
908 1008 1000 1053 contra

71 1064 202 1136 populum
214 1066 365 1119 Romanum
377 1066 459 1118 armis
470 1066 642 1120 contendere.
666 1068 743 1137 Item,
753 1084 816 1122 curu
825 1068 860 1121 ad
869 1068 999 1140 oppidum

71 1135 232 1189 accessisset
244 1143 385 1204 castraque
398 1135 435 1188 ibi
447 1145 565 1205 poneret,
578 1137 654 1206 pueri
669 1137 851 1207 mulieresque
870 1155 905 1192 err
922 1155 999 1194 muro

72 1205 160 1275 passis
171 1204 298 1258 manibus
309 1221 357 1258 suo
368 1221 442 1258 more
455 1222 552 1274 pacem
564 1207 599 1259 ab
611 1207 738 1260 Romanis
750 1209 893 1276 petierunt.

110 1280 150 1328 14.
170 1275 220 1328 Pro
238 1273 281 1326 his
298 1274 447 1328 Divitiacus
464 1276 539 1344 (narn
557 1277 616 1344 pdst
635 1275 785 1328 discessum
804 1276 947 1344 Belgarum
959 1275 999 1330 di·

72 1344 163 1398 missis
174 1344 330 1398 Aeduorum
342 1344 425 1414 copiis
436 1342 470 1395 ad
483 1360 546 1396 eum
560 1343 716 1413 reverterat)
728 1343 792 1396 lacit
800 1345 899 1397 verba:
912 1342 999 1398 Bello·

72 1430 154 1467 vacos
173 1414 383 1482 omnitempore
403 1413 430 1465 in
448 1412 503 1466 fide
521 1421 603 1482 atque
621 1413 740 1465 amicitia
758 1413 874 1466 civitatis
885 1413 999 1469 Aeduae

72 1482 171 1538 fuisse:
190 1482 321 1553 impulsos
338 1484 375 1537 ab
394 1482 451 1536 suis
470 1483 641 1552 principibus,
654 1482 700 1552 qui
721 1481 840 1535 dicerent
852 1483 963 1538 Aeduos
981 1502 999 1538 a

72 1553 187 1607 Caesare
200 1553 400 1607 inservitutem
419 1552 542 1605 redactus
559 1570 654 1606 omnes
671 1551 843 1621 indignitates
861 1562 999 1608 conturna-

72 1623 177 1692 liasque
197 1621 323 1693 perferre,
339 1630 366 1675 et
384 1621 420 1675 ab
438 1622 543 1676 Aeduis
560 1621 695 1676 defecisse
715 1631 742 1674 et
762 1638 796 1691 po
815 1622 859 1675 ulo
878 1622 999 1677 Romana

71 1691 174 1746 bellurn
195 1692 326 1756 intulisse.
362 1692 415 1751 Qui
435 1691 495 1763 ejus
515 1692 617 1745 consilii
636 1691 780 1762 principes²
792 1639 913 1765 Brisseut,
927 1693 996 1763 quod

72 1761 259 1833 intelligerent,
284 1770 413 1832 quantam
442 1762 625 1816 calamitatem
654 1761 755 1815 civitati
787 1760 946 1834 intulissent,
970 1763 998 1819 in

72 1831 236 1885 Britanniam
260 1831 417 1901 profugisse.
453 1833 549 1885 Petere
572 1849 625 1885 non
649 1831 736 1885 solum
760 1831 923 1904 Bellovacos,
949 1833 997 1887 sed

71 1901 156 1955 etiam
174 1919 221 1973 pro
234 1902 277 1955 his
288 1902 405 1971 Aeduos,
420 1910 449 1955 ut
467 1919 516 1955 sua
533 1903 679 1956 clementia
696 1919 728 1955 ac
745 1902 952 1957 mansuetudine
970 1902 998 1956 in

71 1988 119 2023 eos
138 1980 237 2024 utatur.
273 1971 350 2030 Quod
371 1971 393 2023 si
414 1971 516 2042 lecerit,
537 1972 694 2025 Aeduorum
716 1973 902 2034 auctoritatem
925 1971 998 2096 apud

45 2107 48 2112 .
70 2057 166 2094 ornnes
178 2040 276 2106 Belgas
286 2040 529 2110 amplificaturum;
546 2058 660 2111 quorum
672 2040 780 2095 auxiliis
799 2051 880 2112 atque
892 2043 936 2114 cpi
957 2059 996 2114 us,

70 2110 95 2162 si
107 2127 161 2178 qua
172 2110 245 2165 bella
258 2109 407 2179 inciderint,
422 2119 573 2165 sustentare
585 2112 745 2164 consuerint.

108 2185 147 2233 15.
167 2180 266 2234 Caesar
284 2179 390 2233 honoris
407 2181 533 2234 Divitiaci
556 2190 638 2249 atque
656 2180 812 2234 Aeduorum
836 2198 919 2235 causa
937 2197 997 2234 sese

70 2265 118 2302 eos
136 2249 163 2302 in
181 2248 264 2303 fidem
283 2259 454 2319 recepturum
473 2259 500 2302 et
517 2258 736 2303 conservaturum
748 2249 831 2303 dixit:
850 2251 921 2319 quud
940 2259 997 2303 erat

69 2318 166 2372 civitas
176 2336 275 2388 magna
288 2320 356 2372 inter
368 2319 465 2387 Belgas
476 2320 633 2371 auctoritate
650 2332 732 2387 atqua
750 2319 889 2372 hominum
907 2319 997 2372 multi-

70 2388 163 2441 tudine
187 2389 349 2458 praestabat,
369 2396 511 2441 sexcentos
529 2387 638 2440 obsides
661 2388 791 2456 poposcit.
826 2387 875 2440 His
895 2387 998 2442 traditis

69 2458 251 2528 omnibusque
275 2460 361 2512 armis
384 2474 419 2512 ex
442 2457 539 2536 oppido
562 2455 667 2509 collatis
688 2455 724 2508 ab
744 2472 776 2508 eo
796 2454 854 2509 loco
878 2456 905 2510 in
928 2457 997 2512 fines

69 2528 270 2583 Ambianorum
282 2528 412 2599 pervenit,
425 2544 472 2597 qur
489 2544 519 2579 sc
537 2543 641 2596 suaque
658 2525 748 2579 omnia
760 2525 819 2580 sine
836 2542 911 2581 mora
922 2526 996 2582 dedi·

67 2706 148 2770 fitting
159 2709 177 2757 it
188 2725 230 2768 up,
243 2708 291 2757 and
301 2709 402 2770 making
413 2709 432 2757 it
443 2709 507 2757 level
515 2708 575 2757 with
586 2709 629 2758 ths
640 2722 689 2760 rest
701 2710 729 2759 ol
736 2711 777 2760 the
817 2713 890 2771 ound,
903 2728 932 2762 so
942 2711 995 2761 that

68 2767 112 2816 tlre
123 2768 230 2829 military
241 2768 343 2829 engines
354 2768 427 2817 could
439 2771 470 2817 be
481 2769 592 2821 wheeled
604 2786 636 2830 up
648 2780 674 2819 to
685 2771 726 2819 the
738 2728 817 2820 walff¹

98 2854 326 2918 ¹Brotuapootiam‚
340 2854 401 2905 st'ter
411 2855 454 2905 the
469 2855 595 2906 reduction
610 2857 639 2906 oi
650 2858 692 2907 the
703 2857 836 2914 Bellovaci,
850 2873 902 2905 was
917 2855 996 2905 called

69 2913 274 2976 Caesaromagus.
307 2915 386 2964 Ruins
402 2915 430 2965 of
442 2932 457 2964 a
471 2925 539 2964 town
549 2916 578 2965 of
589 2916 761 2977 Bratuspante‚
775 2934 790 2965 a
800 2917 863 2965 little
879 2916 949 2963 north
966 2916 994 2964 of

68 2972 200 3094 gggffilssf
207 2974 359 3091 pparlprpid'to
369 2974 432 3024 have
443 2975 540 3025 existed
550 2990 577 3025 us
588 2976 637 3025 late
648 2992 676 3024 as
687 2977 729 3025 the
745 2974 869 3025 sixteenth
884 2984 994 3037 century.

98 3118 184 3170 ’Thur
196 3119 226 3169 is.
238 3128 354 3170 cador-ea
386 3119 508 3182 Compara
518 3119 551 3169 vi.
561 3120 585 3178 4,
596 3120 636 3177 ll,
647 3117 689 3169 vit.
700 3120 739 3169 37.

153 3210 191 3257 θ’
523 3225 539 3263 ι
