2146 3704
80 251 138 311 102
382 267 424 307 nn
445 236 542 307 sunno
563 234 701 312 onumen.

70 378 212 437 firmitudo
227 383 310 448 atque
328 393 362 433 ea
378 393 469 432 rerum
486 385 588 449 natura,
600 385 630 433 ut
647 395 701 448 quo
718 377 804 450 major
815 379 857 435 vis
873 397 960 452 aquae
971 400 1008 445 ιο

76 449 251 527 incitavisset,
274 447 327 502 hoc
353 448 438 501 artius
465 448 568 517 illigata
594 456 756 503 tenerentur.
800 450 874 504 llaec
901 451 1008 511 direcm

77 519 192 574 materia
211 519 311 588 injecto
330 517 541 572 contexebantur
557 534 590 572 ac
606 518 735 587 longuriis
752 521 924 590 cratibusque
941 540 1007 579 con·

77 588 333 656 sternebantur3'ac'
345 586 428 641 nihilo
446 587 535 641 secius
552 586 671 642 sublicae
689 597 717 642 et
733 587 769 642 ad
780 589 934 644 inferiorem
946 610 1008 663 par·

77 667 135 714 tem
154 657 273 712 fluminis
291 656 399 727 obliqm
421 656 577 728 agebantur,
600 673 671 727 quae
693 673 740 728 pro
759 659 844 712 ariete
864 660 1009 730 subjectae

77 738 105 784 et
125 746 189 783 cum
208 727 283 782 omni
301 742 383 798 opere
402 725 562 797 conjunctae
581 726 639 781 vim
657 727 776 781 fluminis
795 729 958 802 exciperent,
978 741 1009 787 et

77 799 147 853 aliae
176 798 244 853 item
271 812 352 866 supra
376 804 486 866 pontem
514 795 643 851 mediocri
667 796 760 868 spatio,
784 806 814 851 ut
833 798 856 851 si
878 799 1008 856 arborum

77 867 164 923 trunci
181 867 241 921 sire
256 881 341 919 nares
358 864 503 935 dejiciendi
521 865 609 935 operis
626 873 717 923 essent
728 883 746 919 a
758 866 877 922 barbaris
894 869 1007 952 missae,

77 938 121 992 his
142 934 329 990 defensoribus
352 950 447 1008 earum
472 951 563 989 rerum
585 936 628 990 ris
653 936 826 1008 minueretur,
849 953 904 991 neu
930 949 1008 1010 pcnts

77 1012 212 1062 nocerent.

115 1082 156 1130 18.
174 1074 277 1130 Diebus
287 1072 393 1146 decem,
406 1073 505 1145 quibus
519 1074 633 1129 materia
650 1083 746 1148 coepta
762 1082 818 1129 eret
835 1079 1006 1152 comportari,

77 1146 151 1201 omni
169 1161 250 1216 opere
270 1144 368 1198 effecto
386 1144 520 1198 exercitus
538 1143 692 1198 traducitur.
736 1145 836 1199 Caesar
851 1144 887 1200 ad
904 1156 1007 1204 utram·

77 1233 131 1287 que
155 1225 260 1287 partem
282 1214 371 1285 pontis
392 1213 469 1268 firmo
491 1213 623 1284 pracsidio
646 1212 739 1268 relicto
761 1215 790 1269 in
811 1215 880 1269 fines
903 1215 1009 1286 Sigam-

77 1287 185 1341 brorum
213 1284 358 1338 contendit.
404 1283 516 1341 Interim
537 1299 556 1336 a
578 1282 761 1353 compluribus
787 1284 942 1339 civitatibus
969 1287 1007 1342 ad

78 1372 142 1409 eum
154 1353 237 1423 legati
249 1354 367 1423 veniunt,
376 1353 475 1424 quibus
486 1369 584 1423 pacem
595 1361 622 1407 at
641 1369 677 1406 uc
688 1354 838 1408 amicitiam
849 1356 1008 1424 petentibus

77 1424 223 1479 liberaliter
250 1423 393 1495 respondit,
416 1423 581 1493 obsidesque
661 1439 691 1477 se
714 1423 814 1478 adduci
835 1423 923 1494 jubet.
968 1429 1007 1482 At

77 1495 211 1567 Sigambri
237 1510 272 1548 ex
298 1509 331 1547 eo
357 1502 486 1565 ternpore,
510 1508 564 1574 quo
590 1509 658 1564 pons
684 1492 787 1549 institui
813 1503 925 1564 coeptus
953 1504 1005 1568 est,

77 1564 143 1633 fuge
159 1565 322 1636 comparate¹
333 1563 500 1618 hortantibus
516 1562 557 1633 ris,
570 1579 638 1632 quos
649 1577 685 1616 ex
694 1563 834 1627 Tencteris
850 1572 933 1633 atque
944 1565 1008 1620 Usi·

77 1634 185 1704 petibus
203 1634 275 1704 apud
299 1649 329 1687 se
349 1633 493 1704 habebant,
513 1632 614 1687 finibus
632 1631 689 1685 suis
711 1641 882 1688 excesserant
901 1650 1007 1704 suaque

77 1703 169 1826 prunis
191 1711 395 1776 exportaverant
418 1719 502 1774 seque
521 1703 550 1757 iu
572 1701 746 1758 solitudinem
767 1719 801 1757 ac
823 1703 907 1757 silvae
928 1704 1006 1759 abdi-

97 1780 181 1827 erant,
860 1785 863 1789 ·

115 1848 156 1898 19.
173 1844 273 1898 Caesar
283 1859 384 1913 paucos
400 1841 459 1903 dies
472 1842 499 1896 in
517 1858 611 1897 eorum
627 1840 727 1897 finibus
743 1849 863 1895 moratus
879 1842 1008 1898 omnibus

76 1912 147 1964 vicis
162 1912 347 1980 aedificiisque
364 1912 482 1965 incensis
499 1910 695 1982 frumentisque
713 1910 825 1965 succisis
841 1927 871 1964 se
888 1911 916 1965 in
933 1913 1005 1966 fines

76 1980 207 2034 Ubiorum
229 1980 338 2050 recepit,
358 1990 440 2050 atque
463 1980 496 2032 iis
514 1980 646 2035 auxilium
664 1997 744 2034 suum
762 1980 904 2052 pollicitus,
924 1982 948 2035 si
968 1981 1005 2036 ab

76 2049 173 2103 Suevis
194 2056 386 2120 premerentur,
407 2049 477 2103 haec
495 2047 532 2102 ab
550 2049 584 2102 iis
605 2049 744 2119 cognovit:
768 2048 878 2121 Suevos,
898 2059 1005 2122 postes·

76 2136 159 2189 qnam
178 2134 227 2188 per
243 2116 422 2188 exploratores
438 2126 549 2187 pontem
567 2119 626 2173 fieri
642 2135 702 2174 corn
739 2119 841 2190 rissent,
860 2137 935 2174 more
954 2137 1003 2175 suo

76 2188 188 2242 concilio
205 2187 298 2242 habito
314 2187 421 2241 nuntios
439 2189 467 2241 iu
484 2204 579 2242 omnes
595 2196 685 2259 partes
721 2189 844 2259 imisisse,
858 2190 897 2242 uti
909 2190 1004 2262 de'op-

74 2257 147 2328 pidis
164 2257 354 2330 demigrarent,
361 2256 467 2329 liberos,
480 2274 577 2312 uxores
594 2274 696 2328 suaque
713 2259 804 2311 omnia
821 2258 849 2311 iu
867 2258 944 2312 silvis
956 2260 1003 2314 de·

75 2336 211 2400 ponerent,
230 2338 311 2399 atque
329 2344 431 2399 ornnes,
444 2329 491 2398 qui
507 2343 583 2382 anna
600 2326 670 2381 ferre
686 2335 803 2398 possent,
817 2344 901 2382 onum
919 2329 947 2383 iu
965 2329 1003 2384 lo·

74 2414 139 2453 cum
149 2399 336 2453 convenirent:
356 2397 428 2450 hunc
439 2414 500 2450 esse
511 2397 649 2451 delectum
660 2397 783 2452 medium
794 2397 851 2452 fere
860 2398 1003 2467 regionum

74 2482 177 2542 eanum,
190 2484 260 2538 quas
281 2467 363 2523 Suevi
385 2466 551 2521 obtinerent:
578 2465 623 2520 hic
645 2467 825 2522 Romanorum
851 2467 1001 2522 adventum

73 2546 231 2611 exspectare
242 2547 324 2609 utque
336 2536 375 2591 ibi
385 2536 523 2591 decertare
537 2536 718 2591 constituisse.
753 2530 831 2596 Quod
841 2537 889 2591 ubi
901 2539 1002 2591 Caesar

73 2608 211 2679 comperit,
229 2608 354 2668 omnibus
371 2607 452 2661 rebus
469 2605 513 2661 his
529 2606 667 2677 confectis,
679 2623 793 2676 quarum
808 2622 899 2660 rerum
916 2623 1001 2660 causa

73 2674 214 2731 tmduoere
232 2677 381 2731 exercitum
399 2677 581 2747 constituerat,
599 2677 639 2729 ut¹
656 2676 799 2730 Germanis
815 2684 922 2729 metum
941 2675 1001 2745 inji-

72 2752 154 2816 curet,
167 2753 198 2800 ut
208 2745 362 2815 Sigambros
379 2745 558 2818 ulcisceretur,
570 2754 600 2800 ut
611 2744 696 2800 Ubios
706 2745 854 2799 obsidione⁸
864 2743 1000 2816 liberaret,

100 2938 110 2969 ¹
120 2934 188 2986 'f’het
198 2934 302 2999 injugeo
309 2941 406 2998 perata,
419 2947 446 2982 cs
457 2932 483 2981 in
492 2931 534 2980 vii.
545 2934 583 2980 61.

99 3022 176 3075 ‘'l'hs
185 3021 254 3073 three
265 3019 390 3081 following
400 3018 497 3068 clauses
507 3018 622 3080 beginnin
647 3015 746 3068 without
756 3016 855 3067 oontein
863 3017 960 3081 merely
967 3032 1000 3069 sn

70 3080 266 3147 explanationes
276 3080 319 3130 the
329 3078 461 3142 preceding
471 3079 561 3137 words,
572 3095 626 3128 orno
691 3079 759 3126 rebor
768 3079 806 3126 hia
816 3079 937 3140 consectis.

99 3170 174 3222 ⁸'l'hs
185 3169 253 3222 word
262 3170 360 3226 obsidio,
376 3172 405 3218 ‘a
415 3167 502 3228 siege)
513 3166 587 3216 when
596 3165 666 3223 used,
679 3180 706 3214 as
716 3164 785 3222 bere,
797 3165 826 3215 of
832 3181 848 3215 a
857 3175 963 3229 country
969 3181 998 3217 or

62 3231 162 3339 elima&
174 3239 241 3281 must
255 3231 287 3281 be
302 3227 421 3281 rendered
430 3229 464 3287 by
477 3226 612 3286 ‘pressure’
624 3240 653 3275 or
665 3225 839 3313 ‘oppression’
874 3225 997 3289 Compare
