<?xml version="1.0" encoding="UTF-8"?>
<!DOCTYPE html PUBLIC "-//W3C//DTD XHTML 1.0 Transitional//EN"
    "http://www.w3.org/TR/xhtml1/DTD/xhtml1-transitional.dtd">
<html xmlns="http://www.w3.org/1999/xhtml" xml:lang="en" lang="en">
 <head>
  <title>
</title>
<meta http-equiv="Content-Type" content="text/html;charset=utf-8" />
  <meta name='ocr-system' content='tesseract 3.04.00' />
  <meta name='ocr-capabilities' content='ocr_page ocr_carea ocr_par ocr_line ocrx_word'/>
</head>
<body>
  <div class='ocr_page' id='page_1' title='image "./cjuliicaesarisc02caesgoog_0138.png"; bbox 0 0 2146 3704; ppageno 0'>
   <div class='ocr_carea' id='block_1_1' title="bbox 468 78 999 139">
    <p class='ocr_par' dir='ltr' id='par_1_1' title="bbox 468 78 999 139">
     <span class='ocr_line' id='line_1_1' title="bbox 468 78 999 139; baseline 0 -1"><span class='ocrx_word' id='word_1_1' title='bbox 468 98 559 138; x_wconf 79' lang='lat' dir='ltr'><strong>ursan</strong></span> <span class='ocrx_word' id='word_1_2' title='bbox 580 97 607 139; x_wconf 85' lang='lat' dir='ltr'><strong>v.</strong></span> <span class='ocrx_word' id='word_1_3' title='bbox 942 78 999 139; x_wconf 79' lang='lat'><strong>129</strong></span> 
     </span>
    </p>
   </div>
   <div class='ocr_carea' id='block_1_2' title="bbox 67 201 1000 2219">
    <p class='ocr_par' dir='ltr' id='par_1_2' title="bbox 67 201 1000 676">
     <span class='ocr_line' id='line_1_2' title="bbox 67 201 997 275; baseline 0 -15"><span class='ocrx_word' id='word_1_4' title='bbox 67 203 193 260; x_wconf 87' lang='lat' dir='ltr'><strong>hibernis</strong></span> <span class='ocrx_word' id='word_1_5' title='bbox 204 203 305 260; x_wconf 80' lang='lat' dir='ltr'><strong>milites</strong></span> <span class='ocrx_word' id='word_1_6' title='bbox 315 211 362 258; x_wconf 89' lang='lat' dir='ltr'><strong>aut</strong></span> <span class='ocrx_word' id='word_1_7' title='bbox 373 203 408 258; x_wconf 91' lang='lat' dir='ltr'><strong>ad</strong></span> <span class='ocrx_word' id='word_1_8' title='bbox 420 206 576 261; x_wconf 81' lang='lat' dir='ltr'><strong>Ciceronem</strong></span> <span class='ocrx_word' id='word_1_9' title='bbox 588 216 635 260; x_wconf 89' lang='lat' dir='ltr'><strong>aut</strong></span> <span class='ocrx_word' id='word_1_10' title='bbox 647 206 682 260; x_wconf 87' lang='lat' dir='ltr'><strong>ad</strong></span> <span class='ocrx_word' id='word_1_11' title='bbox 695 205 844 260; x_wconf 83' lang='lat' dir='ltr'><strong>Labienum</strong></span> <span class='ocrx_word' id='word_1_12' title='bbox 853 201 997 275; x_wconf 80' lang='lat' dir='ltr'><strong>deducere,</strong></span> 
     </span>
     <span class='ocr_line' id='line_1_3' title="bbox 67 274 999 347; baseline -0.001 -18"><span class='ocrx_word' id='word_1_13' title='bbox 67 291 188 346; x_wconf 89' lang='lat' dir='ltr'><strong>quorum</strong></span> <span class='ocrx_word' id='word_1_14' title='bbox 206 275 275 328; x_wconf 88' lang='lat' dir='ltr'><strong>alter</strong></span> <span class='ocrx_word' id='word_1_15' title='bbox 291 274 366 328; x_wconf 88' lang='lat' dir='ltr'><strong>milia</strong></span> <span class='ocrx_word' id='word_1_16' title='bbox 385 291 514 345; x_wconf 80' lang='lat' dir='ltr'>passuum</span> <span class='ocrx_word' id='word_1_17' title='bbox 531 277 636 330; x_wconf 77' lang='lat' dir='ltr'><strong>circiter</strong></span> <span class='ocrx_word' id='word_1_18' title='bbox 652 294 686 346; x_wconf 75' lang='lat' dir='ltr'><strong>u,</strong></span> <span class='ocrx_word' id='word_1_19' title='bbox 699 276 767 329; x_wconf 90' lang='lat' dir='ltr'><strong>alter</strong></span> <span class='ocrx_word' id='word_1_20' title='bbox 821 276 864 328; x_wconf 93' lang='lat' dir='ltr'><strong>ulo</strong></span> <span class='ocrx_word' id='word_1_21' title='bbox 881 275 999 347; x_wconf 87' lang='lat' dir='ltr'><strong>amplius</strong></span> 
     </span>
     <span class='ocr_line' id='line_1_4' title="bbox 68 293 997 416; baseline -0.002 -17"><span class='ocrx_word' id='word_1_22' title='bbox 68 345 107 399; x_wconf 83' lang='lat' dir='ltr'><strong>ab</strong></span> <span class='ocrx_word' id='word_1_23' title='bbox 128 344 173 397; x_wconf 88' lang='lat' dir='ltr'><strong>his</strong></span> <span class='ocrx_word' id='word_1_24' title='bbox 192 343 271 397; x_wconf 90' lang='lat' dir='ltr'><strong>absit.</strong></span> <span class='ocrx_word' id='word_1_25' title='bbox 307 344 377 397; x_wconf 91' lang='lat' dir='ltr'><strong>Illud</strong></span> <span class='ocrx_word' id='word_1_26' title='bbox 401 362 431 398; x_wconf 87' lang='lat' dir='ltr'><strong>se</strong></span> <span class='ocrx_word' id='word_1_27' title='bbox 454 346 573 416; x_wconf 87' lang='lat' dir='ltr'><strong>polliceri</strong></span> <span class='ocrx_word' id='word_1_28' title='bbox 592 355 620 399; x_wconf 87' lang='lat' dir='ltr'><strong>et</strong></span> <span class='ocrx_word' id='word_1_29' title='bbox 641 293 819 416; x_wconf 73' lang='lat' dir='ltr'><strong>jurejurandii</strong></span> <span class='ocrx_word' id='word_1_30' title='bbox 832 345 997 414; x_wconf 86' lang='lat' dir='ltr'><strong>confirmare,</strong></span> 
     </span>
     <span class='ocr_line' id='line_1_5' title="bbox 69 414 999 485; baseline -0.001 -17"><span class='ocrx_word' id='word_1_31' title='bbox 69 422 163 468; x_wconf 91' lang='lat' dir='ltr'><strong>tutum</strong></span> <span class='ocrx_word' id='word_1_32' title='bbox 187 414 237 466; x_wconf 91' lang='lat' dir='ltr'><strong>iter</strong></span> <span class='ocrx_word' id='word_1_33' title='bbox 259 430 307 483; x_wconf 89' lang='lat' dir='ltr'><strong>per</strong></span> <span class='ocrx_word' id='word_1_34' title='bbox 327 415 395 467; x_wconf 87' lang='lat' dir='ltr'><strong>fines</strong></span> <span class='ocrx_word' id='word_1_35' title='bbox 418 432 480 468; x_wconf 90' lang='lat' dir='ltr'><strong>suos</strong></span> <span class='ocrx_word' id='word_1_36' title='bbox 502 416 643 484; x_wconf 73' lang='lat' dir='ltr'><strong>datorum,</strong></span> <span class='ocrx_word' id='word_1_37' title='bbox 668 416 739 485; x_wconf 93' lang='lat' dir='ltr'><strong>quod</strong></span> <span class='ocrx_word' id='word_1_38' title='bbox 759 431 844 485; x_wconf 90' lang='lat' dir='ltr'><strong>quum</strong></span> <span class='ocrx_word' id='word_1_39' title='bbox 863 414 952 484; x_wconf 85' lang='lat' dir='ltr'><strong>faciat,</strong></span> <span class='ocrx_word' id='word_1_40' title='bbox 971 422 999 467; x_wconf 90' lang='lat' dir='ltr'><strong>et</strong></span> 
     </span>
     <span class='ocr_line' id='line_1_6' title="bbox 69 483 1000 554; baseline 0 -18"><span class='ocrx_word' id='word_1_41' title='bbox 69 483 176 546; x_wconf 79' lang='lat' dir='ltr'><strong>ciyitati</strong></span> <span class='ocrx_word' id='word_1_42' title='bbox 192 499 253 535; x_wconf 87' lang='lat' dir='ltr'><strong>seso</strong></span> <span class='ocrx_word' id='word_1_43' title='bbox 269 484 416 554; x_wconf 90' lang='lat' dir='ltr'><strong>consulere,</strong></span> <span class='ocrx_word' id='word_1_44' title='bbox 448 484 500 537; x_wconf 89' lang='lat' dir='ltr'><strong>nod</strong></span> <span class='ocrx_word' id='word_1_45' title='bbox 519 485 638 538; x_wconf 89' lang='lat' dir='ltr'><strong>hibernis</strong></span> <span class='ocrx_word' id='word_1_46' title='bbox 655 485 766 554; x_wconf 84' lang='lat' dir='ltr'><strong>levetur,</strong></span> <span class='ocrx_word' id='word_1_47' title='bbox 779 493 808 536; x_wconf 89' lang='lat' dir='ltr'><strong>et</strong></span> <span class='ocrx_word' id='word_1_48' title='bbox 826 483 935 536; x_wconf 82' lang='lat' dir='ltr'><strong>Caesari</strong></span> <span class='ocrx_word' id='word_1_49' title='bbox 952 499 1000 553; x_wconf 94' lang='lat' dir='ltr'><strong>pro</strong></span> 
     </span>
     <span class='ocr_line' id='line_1_7' title="bbox 71 501 1000 676; baseline 0 -70"><span class='ocrx_word' id='word_1_50' title='bbox 71 552 146 676; x_wconf 60' lang='lat' dir='ltr'><strong>qjosb</strong></span> <span class='ocrx_word' id='word_1_51' title='bbox 149 552 256 632; x_wconf 79' lang='lat' dir='ltr'><strong>meritis</strong></span> <span class='ocrx_word' id='word_1_52' title='bbox 274 554 387 621; x_wconf 87' lang='lat' dir='ltr'><strong>gratiam</strong></span> <span class='ocrx_word' id='word_1_53' title='bbox 407 501 512 606; x_wconf 74' lang='lat' dir='ltr'><strong>reierre.</strong></span> <span class='ocrx_word' id='word_1_54' title='bbox 549 555 607 608; x_wconf 91' lang='lat' dir='ltr'><strong>Hac</strong></span> <span class='ocrx_word' id='word_1_55' title='bbox 624 553 741 607; x_wconf 88' lang='lat' dir='ltr'><strong>oratione</strong></span> <span class='ocrx_word' id='word_1_56' title='bbox 762 552 864 623; x_wconf 89' lang='lat' dir='ltr'><strong>habita,</strong></span> <span class='ocrx_word' id='word_1_57' title='bbox 883 553 1000 606; x_wconf 82' lang='lat' dir='ltr'><strong>discedit</strong></span> 
     </span>
    </p>

    <p class='ocr_par' dir='ltr' id='par_1_3' title="bbox 98 639 223 675">
     <span class='ocr_line' id='line_1_8' title="bbox 98 639 223 675; baseline -0.016 0"><span class='ocrx_word' id='word_1_58' title='bbox 98 639 127 675; x_wconf 91' lang='lat' dir='ltr'><strong>m</strong></span> <span class='ocrx_word' id='word_1_59' title='bbox 148 639 223 675; x_wconf 86' lang='lat' dir='ltr'><strong>ronx.</strong></span> 
     </span>
    </p>

    <p class='ocr_par' dir='ltr' id='par_1_4' title="bbox 71 690 1000 1801">
     <span class='ocr_line' id='line_1_9' title="bbox 108 690 1000 762; baseline 0.001 -19"><span class='ocrx_word' id='word_1_60' title='bbox 108 696 152 745; x_wconf 85' lang='lat'><strong>28.</strong></span> <span class='ocrx_word' id='word_1_61' title='bbox 172 690 315 760; x_wconf 89' lang='lat' dir='ltr'><strong>Arpineius</strong></span> <span class='ocrx_word' id='word_1_62' title='bbox 333 698 360 743; x_wconf 91' lang='lat' dir='ltr'><strong>et</strong></span> <span class='ocrx_word' id='word_1_63' title='bbox 377 691 480 760; x_wconf 82' lang='lat' dir='ltr'><strong>lunius,</strong></span> <span class='ocrx_word' id='word_1_64' title='bbox 495 709 566 762; x_wconf 85' lang='lat' dir='ltr'><strong>quae</strong></span> <span class='ocrx_word' id='word_1_65' title='bbox 583 692 721 762; x_wconf 85' lang='lat' dir='ltr'><strong>audierint,</strong></span> <span class='ocrx_word' id='word_1_66' title='bbox 740 693 776 747; x_wconf 89' lang='lat' dir='ltr'><strong>ad</strong></span> <span class='ocrx_word' id='word_1_67' title='bbox 793 692 896 762; x_wconf 85' lang='lat' dir='ltr'><strong>legatos</strong></span> <span class='ocrx_word' id='word_1_68' title='bbox 913 690 1000 745; x_wconf 86' lang='lat' dir='ltr'><strong>deler-</strong></span> 
     </span>
     <span class='ocr_line' id='line_1_10' title="bbox 71 759 998 832; baseline 0 -19"><span class='ocrx_word' id='word_1_69' title='bbox 71 769 130 814; x_wconf 90' lang='lat' dir='ltr'><strong>unt.</strong></span> <span class='ocrx_word' id='word_1_70' title='bbox 167 760 217 829; x_wconf 95' lang='lat' dir='ltr'><strong>Illi,</strong></span> <span class='ocrx_word' id='word_1_71' title='bbox 231 759 369 829; x_wconf 92' lang='lat' dir='ltr'><strong>repentina</strong></span> <span class='ocrx_word' id='word_1_72' title='bbox 381 776 409 812; x_wconf 89' lang='lat' dir='ltr'><strong>re</strong></span> <span class='ocrx_word' id='word_1_73' title='bbox 421 762 575 831; x_wconf 89' lang='lat' dir='ltr'><strong>perturbati,</strong></span> <span class='ocrx_word' id='word_1_74' title='bbox 589 763 639 815; x_wconf 86' lang='lat' dir='ltr'><strong>etsi</strong></span> <span class='ocrx_word' id='word_1_75' title='bbox 651 762 686 816; x_wconf 90' lang='lat' dir='ltr'><strong>ab</strong></span> <span class='ocrx_word' id='word_1_76' title='bbox 698 763 774 816; x_wconf 88' lang='lat' dir='ltr'><strong>hoste</strong></span> <span class='ocrx_word' id='word_1_77' title='bbox 782 779 820 815; x_wconf 90' lang='lat' dir='ltr'><strong>ea</strong></span> <span class='ocrx_word' id='word_1_78' title='bbox 832 761 998 832; x_wconf 82' lang='lat' dir='ltr'><strong>dicebantur,</strong></span> 
     </span>
     <span class='ocr_line' id='line_1_11' title="bbox 72 828 999 902; baseline -0.001 -19"><span class='ocrx_word' id='word_1_79' title='bbox 72 839 230 883; x_wconf 89' lang='lat' dir='ltr'><strong>nontamen</strong></span> <span class='ocrx_word' id='word_1_80' title='bbox 242 828 402 897; x_wconf 88' lang='lat' dir='ltr'><strong>negligenda</strong></span> <span class='ocrx_word' id='word_1_81' title='bbox 415 830 618 884; x_wconf 87' lang='lat' dir='ltr'><strong>existimabant:</strong></span> <span class='ocrx_word' id='word_1_82' title='bbox 637 832 810 902; x_wconf 87' lang='lat' dir='ltr'><strong>maximeque</strong></span> <span class='ocrx_word' id='word_1_83' title='bbox 823 831 876 885; x_wconf 89' lang='lat' dir='ltr'><strong>hac</strong></span> <span class='ocrx_word' id='word_1_84' title='bbox 894 847 922 883; x_wconf 91' lang='lat' dir='ltr'><strong>re</strong></span> <span class='ocrx_word' id='word_1_85' title='bbox 959 847 999 883; x_wconf 91' lang='lat' dir='ltr'><strong>er-</strong></span> 
     </span>
     <span class='ocr_line' id='line_1_12' title="bbox 73 897 999 970; baseline 0.001 -18"><span class='ocrx_word' id='word_1_86' title='bbox 73 898 259 966; x_wconf 84' lang='lat' dir='ltr'><strong>movebantur,</strong></span> <span class='ocrx_word' id='word_1_87' title='bbox 272 897 344 966; x_wconf 90' lang='lat' dir='ltr'><strong>quod</strong></span> <span class='ocrx_word' id='word_1_88' title='bbox 362 898 500 951; x_wconf 84' lang='lat' dir='ltr'><strong>civitatem</strong></span> <span class='ocrx_word' id='word_1_89' title='bbox 519 900 663 968; x_wconf 86' lang='lat' dir='ltr'><strong>ignobilem</strong></span> <span class='ocrx_word' id='word_1_90' title='bbox 681 910 762 970; x_wconf 87' lang='lat' dir='ltr'><strong>atque</strong></span> <span class='ocrx_word' id='word_1_91' title='bbox 780 901 913 954; x_wconf 88' lang='lat' dir='ltr'><strong>humilem</strong></span> <span class='ocrx_word' id='word_1_92' title='bbox 952 901 999 953; x_wconf 93' lang='lat' dir='ltr'><strong>bu-</strong></span> 
     </span>
     <span class='ocr_line' id='line_1_13' title="bbox 74 967 1000 1039; baseline 0 -18"><span class='ocrx_word' id='word_1_93' title='bbox 74 985 170 1021; x_wconf 88' lang='lat' dir='ltr'><strong>ronum</strong></span> <span class='ocrx_word' id='word_1_94' title='bbox 188 985 236 1021; x_wconf 90' lang='lat' dir='ltr'><strong>sua</strong></span> <span class='ocrx_word' id='word_1_95' title='bbox 254 975 347 1036; x_wconf 88' lang='lat' dir='ltr'><strong>sponte</strong></span> <span class='ocrx_word' id='word_1_96' title='bbox 367 967 464 1036; x_wconf 89' lang='lat' dir='ltr'><strong>populo</strong></span> <span class='ocrx_word' id='word_1_97' title='bbox 476 969 595 1022; x_wconf 89' lang='lat' dir='ltr'><strong>Romano</strong></span> <span class='ocrx_word' id='word_1_98' title='bbox 613 969 715 1023; x_wconf 90' lang='lat' dir='ltr'><strong>bellum</strong></span> <span class='ocrx_word' id='word_1_99' title='bbox 732 970 823 1023; x_wconf 85' lang='lat' dir='ltr'><strong>facere</strong></span> <span class='ocrx_word' id='word_1_100' title='bbox 836 987 939 1039; x_wconf 87' lang='lat' dir='ltr'><strong>ausam,</strong></span> <span class='ocrx_word' id='word_1_101' title='bbox 953 969 1000 1022; x_wconf 88' lang='lat' dir='ltr'><strong>vix</strong></span> 
     </span>
     <span class='ocr_line' id='line_1_14' title="bbox 74 1035 999 1107; baseline 0 -17"><span class='ocrx_word' id='word_1_102' title='bbox 74 1046 130 1090; x_wconf 88' lang='lat' dir='ltr'><strong>erat</strong></span> <span class='ocrx_word' id='word_1_103' title='bbox 142 1035 317 1090; x_wconf 86' lang='lat' dir='ltr'><strong>credendum.</strong></span> <span class='ocrx_word' id='word_1_104' title='bbox 342 1036 435 1105; x_wconf 86' lang='lat' dir='ltr'><strong>Itaque</strong></span> <span class='ocrx_word' id='word_1_105' title='bbox 447 1037 482 1090; x_wconf 89' lang='lat' dir='ltr'><strong>ad</strong></span> <span class='ocrx_word' id='word_1_106' title='bbox 494 1038 634 1092; x_wconf 88' lang='lat' dir='ltr'><strong>consilium</strong></span> <span class='ocrx_word' id='word_1_107' title='bbox 646 1056 703 1092; x_wconf 89' lang='lat' dir='ltr'><strong>rem</strong></span> <span class='ocrx_word' id='word_1_108' title='bbox 711 1038 834 1092; x_wconf 81' lang='lat' dir='ltr'><strong>deferunt</strong></span> <span class='ocrx_word' id='word_1_109' title='bbox 847 1054 999 1107; x_wconf 88' lang='lat' dir='ltr'><strong>magnaque</strong></span> 
     </span>
     <span class='ocr_line' id='line_1_15' title="bbox 75 1106 1000 1179; baseline -0.001 -19"><span class='ocrx_word' id='word_1_110' title='bbox 75 1108 143 1161; x_wconf 90' lang='lat' dir='ltr'><strong>inter</strong></span> <span class='ocrx_word' id='word_1_111' title='bbox 155 1123 201 1159; x_wconf 89' lang='lat' dir='ltr'><strong>eos</strong></span> <span class='ocrx_word' id='word_1_112' title='bbox 213 1106 316 1159; x_wconf 86' lang='lat' dir='ltr'><strong>exsistit</strong></span> <span class='ocrx_word' id='word_1_113' title='bbox 329 1107 516 1160; x_wconf 87' lang='lat' dir='ltr'><strong>controversia.</strong></span> <span class='ocrx_word' id='word_1_114' title='bbox 546 1109 575 1161; x_wconf 92' lang='lat' dir='ltr'><strong>L.</strong></span> <span class='ocrx_word' id='word_1_115' title='bbox 584 1108 782 1162; x_wconf 85' lang='lat' dir='ltr'><strong>Aurunculeius</strong></span> <span class='ocrx_word' id='word_1_116' title='bbox 793 1108 1000 1179; x_wconf 84' lang='lat' dir='ltr'><strong>compluresque</strong></span> 
     </span>
     <span class='ocr_line' id='line_1_16' title="bbox 75 1175 999 1245; baseline -0.002 -15"><span class='ocrx_word' id='word_1_117' title='bbox 75 1177 173 1231; x_wconf 77' lang='lat' dir='ltr'><strong>trdtuni</strong></span> <span class='ocrx_word' id='word_1_118' title='bbox 203 1175 320 1229; x_wconf 91' lang='lat' dir='ltr'><strong>militum</strong></span> <span class='ocrx_word' id='word_1_119' title='bbox 349 1182 377 1227; x_wconf 89' lang='lat' dir='ltr'><strong>et</strong></span> <span class='ocrx_word' id='word_1_120' title='bbox 408 1175 553 1245; x_wconf 87' lang='lat' dir='ltr'><strong>primorum</strong></span> <span class='ocrx_word' id='word_1_121' title='bbox 581 1178 704 1231; x_wconf 90' lang='lat' dir='ltr'><strong>ordinum</strong></span> <span class='ocrx_word' id='word_1_122' title='bbox 732 1179 904 1231; x_wconf 87' lang='lat' dir='ltr'><strong>centuriones</strong></span> <span class='ocrx_word' id='word_1_123' title='bbox 933 1175 999 1229; x_wconf 92' lang='lat' dir='ltr'><strong>nihil</strong></span> 
     </span>
     <span class='ocr_line' id='line_1_17' title="bbox 76 1244 999 1315; baseline -0.002 -16"><span class='ocrx_word' id='word_1_124' title='bbox 76 1254 177 1300; x_wconf 89' lang='lat' dir='ltr'><strong>temere</strong></span> <span class='ocrx_word' id='word_1_125' title='bbox 196 1244 339 1314; x_wconf 87' lang='lat' dir='ltr'><strong>agendum,</strong></span> <span class='ocrx_word' id='word_1_126' title='bbox 359 1260 447 1313; x_wconf 87' lang='lat' dir='ltr'><strong>neque</strong></span> <span class='ocrx_word' id='word_1_127' title='bbox 464 1262 500 1298; x_wconf 87' lang='lat' dir='ltr'><strong>ex</strong></span> <span class='ocrx_word' id='word_1_128' title='bbox 515 1246 755 1315; x_wconf 80' lang='lat' dir='ltr'><strong>hibernisjnjussu</strong></span> <span class='ocrx_word' id='word_1_129' title='bbox 773 1248 896 1300; x_wconf 86' lang='lat' dir='ltr'><strong>Caesaris</strong></span> <span class='ocrx_word' id='word_1_130' title='bbox 913 1246 999 1298; x_wconf 87' lang='lat' dir='ltr'><strong>disce·</strong></span> 
     </span>
     <span class='ocr_line' id='line_1_18' title="bbox 74 1314 999 1384; baseline -0.004 -15"><span class='ocrx_word' id='word_1_131' title='bbox 74 1316 194 1370; x_wconf 85' lang='lat' dir='ltr'><strong>dandum</strong></span> <span class='ocrx_word' id='word_1_132' title='bbox 207 1314 411 1368; x_wconf 87' lang='lat' dir='ltr'><strong>existimabant:</strong></span> <span class='ocrx_word' id='word_1_133' title='bbox 431 1316 586 1383; x_wconf 88' lang='lat' dir='ltr'><strong>quantasvis</strong></span> <span class='ocrx_word' id='word_1_134' title='bbox 598 1318 719 1382; x_wconf 87' lang='lat' dir='ltr'><strong>magnas¹</strong></span> <span class='ocrx_word' id='word_1_135' title='bbox 730 1316 814 1368; x_wconf 91' lang='lat' dir='ltr'><strong>etiam</strong></span> <span class='ocrx_word' id='word_1_136' title='bbox 832 1315 923 1384; x_wconf 89' lang='lat' dir='ltr'><strong>copias</strong></span> <span class='ocrx_word' id='word_1_137' title='bbox 934 1315 999 1366; x_wconf 89' lang='lat' dir='ltr'><strong>Ger·</strong></span> 
     </span>
     <span class='ocr_line' id='line_1_19' title="bbox 74 1382 999 1453; baseline -0.003 -14"><span class='ocrx_word' id='word_1_138' title='bbox 74 1402 214 1439; x_wconf 88' lang='lat' dir='ltr'><strong>manorum</strong></span> <span class='ocrx_word' id='word_1_139' title='bbox 239 1382 364 1436; x_wconf 87' lang='lat' dir='ltr'><strong>sustineri</strong></span> <span class='ocrx_word' id='word_1_140' title='bbox 387 1400 466 1453; x_wconf 85' lang='lat' dir='ltr'><strong>posse</strong></span> <span class='ocrx_word' id='word_1_141' title='bbox 489 1384 598 1436; x_wconf 90' lang='lat' dir='ltr'><strong>munitis</strong></span> <span class='ocrx_word' id='word_1_142' title='bbox 622 1383 740 1436; x_wconf 89' lang='lat' dir='ltr'><strong>hibernis</strong></span> <span class='ocrx_word' id='word_1_143' title='bbox 762 1383 896 1436; x_wconf 87' lang='lat' dir='ltr'><strong>docebant</strong></span> <span class='ocrx_word' id='word_1_144' title='bbox 904 1385 921 1451; x_wconf 81' lang='lat'><strong>3¹</strong></span> <span class='ocrx_word' id='word_1_145' title='bbox 941 1399 999 1436; x_wconf 90' lang='lat' dir='ltr'><strong>rem</strong></span> 
     </span>
     <span class='ocr_line' id='line_1_20' title="bbox 74 1452 998 1523; baseline -0.005 -15"><span class='ocrx_word' id='word_1_146' title='bbox 74 1471 134 1508; x_wconf 89' lang='lat' dir='ltr'><strong>esse</strong></span> <span class='ocrx_word' id='word_1_147' title='bbox 148 1453 305 1520; x_wconf 87' lang='lat' dir='ltr'><strong>testimonio,</strong></span> <span class='ocrx_word' id='word_1_148' title='bbox 319 1452 390 1521; x_wconf 93' lang='lat' dir='ltr'><strong>quod</strong></span> <span class='ocrx_word' id='word_1_149' title='bbox 403 1453 520 1522; x_wconf 89' lang='lat' dir='ltr'><strong>primum</strong></span> <span class='ocrx_word' id='word_1_150' title='bbox 538 1452 655 1506; x_wconf 88' lang='lat' dir='ltr'><strong>hostiurn</strong></span> <span class='ocrx_word' id='word_1_151' title='bbox 673 1453 812 1523; x_wconf 88' lang='lat' dir='ltr'><strong>impetum,</strong></span> <span class='ocrx_word' id='word_1_152' title='bbox 826 1453 919 1506; x_wconf 89' lang='lat' dir='ltr'><strong>multis</strong></span> <span class='ocrx_word' id='word_1_153' title='bbox 930 1452 998 1504; x_wconf 93' lang='lat' dir='ltr'><strong>ultro</strong></span> 
     </span>
     <span class='ocr_line' id='line_1_21' title="bbox 75 1522 999 1591; baseline -0.003 -13"><span class='ocrx_word' id='word_1_154' title='bbox 75 1524 230 1578; x_wconf 83' lang='lat' dir='ltr'><strong>vulneribus</strong></span> <span class='ocrx_word' id='word_1_155' title='bbox 242 1522 343 1591; x_wconf 81' lang='lat' dir='ltr'><strong>illatis,⁸</strong></span> <span class='ocrx_word' id='word_1_156' title='bbox 354 1522 499 1575; x_wconf 80' lang='lat' dir='ltr'><strong>fortissime</strong></span> <span class='ocrx_word' id='word_1_157' title='bbox 511 1522 699 1576; x_wconf 87' lang='lat' dir='ltr'><strong>sustinuerint:</strong></span> <span class='ocrx_word' id='word_1_158' title='bbox 719 1539 747 1575; x_wconf 91' lang='lat' dir='ltr'><strong>re</strong></span> <span class='ocrx_word' id='word_1_159' title='bbox 760 1522 935 1576; x_wconf 84' lang='lat' dir='ltr'><strong>frumentaria</strong></span> <span class='ocrx_word' id='word_1_160' title='bbox 946 1539 999 1575; x_wconf 90' lang='lat' dir='ltr'><strong>non</strong></span> 
     </span>
     <span class='ocr_line' id='line_1_22' title="bbox 74 1591 998 1663; baseline -0.002 -17"><span class='ocrx_word' id='word_1_161' title='bbox 74 1593 160 1663; x_wconf 92' lang='lat' dir='ltr'><strong>premi</strong></span> <span class='ocrx_word' id='word_1_162' title='bbox 168 1595 186 1646; x_wconf 82' lang='lat'><strong>:¹</strong></span> <span class='ocrx_word' id='word_1_163' title='bbox 203 1595 305 1646; x_wconf 88' lang='lat' dir='ltr'><strong>interea</strong></span> <span class='ocrx_word' id='word_1_164' title='bbox 317 1600 344 1643; x_wconf 92' lang='lat' dir='ltr'><strong>et</strong></span> <span class='ocrx_word' id='word_1_165' title='bbox 356 1609 391 1645; x_wconf 86' lang='lat' dir='ltr'><strong>ex</strong></span> <span class='ocrx_word' id='word_1_166' title='bbox 402 1593 530 1662; x_wconf 88' lang='lat' dir='ltr'><strong>proximis</strong></span> <span class='ocrx_word' id='word_1_167' title='bbox 542 1591 668 1661; x_wconf 87' lang='lat' dir='ltr'><strong>hibernis,</strong></span> <span class='ocrx_word' id='word_1_168' title='bbox 683 1602 710 1645; x_wconf 90' lang='lat' dir='ltr'><strong>et</strong></span> <span class='ocrx_word' id='word_1_169' title='bbox 721 1608 738 1645; x_wconf 88' lang='lat' dir='ltr'><strong>a</strong></span> <span class='ocrx_word' id='word_1_170' title='bbox 750 1593 865 1645; x_wconf 86' lang='lat' dir='ltr'><strong>Caesare</strong></span> <span class='ocrx_word' id='word_1_171' title='bbox 883 1607 998 1644; x_wconf 88' lang='lat' dir='ltr'><strong>conven·</strong></span> 
     </span>
     <span class='ocr_line' id='line_1_23' title="bbox 74 1661 999 1732; baseline -0.001 -16"><span class='ocrx_word' id='word_1_172' title='bbox 74 1672 133 1716; x_wconf 90' lang='lat' dir='ltr'><strong>tura</strong></span> <span class='ocrx_word' id='word_1_173' title='bbox 151 1661 283 1716; x_wconf 89' lang='lat' dir='ltr'><strong>subsidia:</strong></span> <span class='ocrx_word' id='word_1_174' title='bbox 303 1672 445 1731; x_wconf 84' lang='lat' dir='ltr'><strong>postremo,</strong></span> <span class='ocrx_word' id='word_1_175' title='bbox 458 1662 520 1730; x_wconf 89' lang='lat' dir='ltr'><strong>quid</strong></span> <span class='ocrx_word' id='word_1_176' title='bbox 540 1678 601 1715; x_wconf 89' lang='lat' dir='ltr'><strong>esse</strong></span> <span class='ocrx_word' id='word_1_177' title='bbox 618 1662 715 1716; x_wconf 77' lang='lat' dir='ltr'><strong>levius⁶</strong></span> <span class='ocrx_word' id='word_1_178' title='bbox 727 1671 774 1715; x_wconf 88' lang='lat' dir='ltr'><strong>aut</strong></span> <span class='ocrx_word' id='word_1_179' title='bbox 792 1661 902 1732; x_wconf 87' lang='lat' dir='ltr'><strong>turpius,</strong></span> <span class='ocrx_word' id='word_1_180' title='bbox 915 1677 999 1731; x_wconf 89' lang='lat' dir='ltr'><strong>quam</strong></span> 
     </span>
     <span class='ocr_line' id='line_1_24' title="bbox 72 1730 800 1801; baseline -0.001 -15"><span class='ocrx_word' id='word_1_181' title='bbox 72 1741 179 1786; x_wconf 87' lang='lat' dir='ltr'><strong>auctore</strong></span> <span class='ocrx_word' id='word_1_182' title='bbox 189 1733 264 1785; x_wconf 89' lang='lat' dir='ltr'><strong>hoste</strong></span> <span class='ocrx_word' id='word_1_183' title='bbox 273 1730 307 1782; x_wconf 91' lang='lat' dir='ltr'><strong>de</strong></span> <span class='ocrx_word' id='word_1_184' title='bbox 318 1731 433 1783; x_wconf 87' lang='lat' dir='ltr'><strong>summis</strong></span> <span class='ocrx_word' id='word_1_185' title='bbox 442 1732 521 1786; x_wconf 86' lang='lat' dir='ltr'><strong>rebus</strong></span> <span class='ocrx_word' id='word_1_186' title='bbox 529 1748 624 1801; x_wconf 86' lang='lat' dir='ltr'><strong>capere</strong></span> <span class='ocrx_word' id='word_1_187' title='bbox 637 1731 800 1785; x_wconf 67' lang='lat' dir='ltr'><strong>consilium?</strong></span> 
     </span>
    </p>

    <p class='ocr_par' dir='ltr' id='par_1_5' title="bbox 72 1799 999 2198">
     <span class='ocr_line' id='line_1_25' title="bbox 108 1799 998 1872; baseline 0.002 -20"><span class='ocrx_word' id='word_1_188' title='bbox 108 1805 150 1852; x_wconf 81' lang='lat'><strong>29.</strong></span> <span class='ocrx_word' id='word_1_189' title='bbox 177 1801 272 1852; x_wconf 90' lang='lat' dir='ltr'><strong>Contra</strong></span> <span class='ocrx_word' id='word_1_190' title='bbox 296 1815 329 1850; x_wconf 88' lang='lat' dir='ltr'><strong>ea</strong></span> <span class='ocrx_word' id='word_1_191' title='bbox 353 1799 471 1853; x_wconf 88' lang='lat' dir='ltr'><strong>Titurius</strong></span> <span class='ocrx_word' id='word_1_192' title='bbox 495 1803 563 1853; x_wconf 83' lang='lat' dir='ltr'><strong>sero⁰</strong></span> <span class='ocrx_word' id='word_1_193' title='bbox 585 1802 702 1856; x_wconf 84' lang='lat' dir='ltr'><strong>facturos</strong></span> <span class='ocrx_word' id='word_1_194' title='bbox 725 1800 888 1872; x_wconf 89' lang='lat' dir='ltr'><strong>clamitabat,</strong></span> <span class='ocrx_word' id='word_1_195' title='bbox 914 1817 998 1871; x_wconf 90' lang='lat' dir='ltr'><strong>quum</strong></span> 
     </span>
     <span class='ocr_line' id='line_1_26' title="bbox 73 1868 997 1943; baseline 0.001 -22"><span class='ocrx_word' id='word_1_196' title='bbox 73 1869 188 1940; x_wconf 87' lang='lat' dir='ltr'><strong>majores</strong></span> <span class='ocrx_word' id='word_1_197' title='bbox 206 1868 324 1922; x_wconf 89' lang='lat' dir='ltr'><strong>hostium</strong></span> <span class='ocrx_word' id='word_1_198' title='bbox 346 1886 449 1938; x_wconf 84' lang='lat' dir='ltr'><strong>manus,</strong></span> <span class='ocrx_word' id='word_1_199' title='bbox 470 1870 604 1940; x_wconf 85' lang='lat' dir='ltr'><strong>adjunctis</strong></span> <span class='ocrx_word' id='word_1_200' title='bbox 624 1874 773 1943; x_wconf 84' lang='lat' dir='ltr'><strong>Germanis,</strong></span> <span class='ocrx_word' id='word_1_201' title='bbox 793 1871 997 1925; x_wconf 85' lang='lat' dir='ltr'><strong>convenissent:</strong></span> 
     </span>
     <span class='ocr_line' id='line_1_27' title="bbox 73 1936 997 2011; baseline 0.002 -21"><span class='ocrx_word' id='word_1_202' title='bbox 73 1948 119 1992; x_wconf 83' lang='lat' dir='ltr'><strong>aut</strong></span> <span class='ocrx_word' id='word_1_203' title='bbox 129 1955 213 2009; x_wconf 90' lang='lat' dir='ltr'><strong>quum</strong></span> <span class='ocrx_word' id='word_1_204' title='bbox 226 1936 328 2007; x_wconf 90' lang='lat' dir='ltr'><strong>aliquid</strong></span> <span class='ocrx_word' id='word_1_205' title='bbox 338 1938 499 1993; x_wconf 86' lang='lat' dir='ltr'><strong>calamitatis</strong></span> <span class='ocrx_word' id='word_1_206' title='bbox 511 1942 536 1993; x_wconf 92' lang='lat' dir='ltr'><strong>in</strong></span> <span class='ocrx_word' id='word_1_207' title='bbox 549 1942 676 2011; x_wconf 89' lang='lat' dir='ltr'><strong>proximis</strong></span> <span class='ocrx_word' id='word_1_208' title='bbox 688 1942 806 1996; x_wconf 87' lang='lat' dir='ltr'><strong>hibernis</strong></span> <span class='ocrx_word' id='word_1_209' title='bbox 819 1951 891 1994; x_wconf 87' lang='lat' dir='ltr'><strong>esset</strong></span> <span class='ocrx_word' id='word_1_210' title='bbox 902 1957 997 2008; x_wconf 90' lang='lat' dir='ltr'><strong>aceep-</strong></span> 
     </span>
     <span class='ocr_line' id='line_1_28' title="bbox 73 2007 999 2077; baseline 0 -16"><span class='ocrx_word' id='word_1_211' title='bbox 73 2015 138 2077; x_wconf 91' lang='lat' dir='ltr'><strong>tum,</strong></span> <span class='ocrx_word' id='word_1_212' title='bbox 153 2007 263 2061; x_wconf 85' lang='lat' dir='ltr'><strong>brevem</strong></span> <span class='ocrx_word' id='word_1_213' title='bbox 276 2008 433 2061; x_wconf 87' lang='lat' dir='ltr'><strong>consulendi</strong></span> <span class='ocrx_word' id='word_1_214' title='bbox 446 2027 506 2062; x_wconf 90' lang='lat' dir='ltr'><strong>esse</strong></span> <span class='ocrx_word' id='word_1_215' title='bbox 518 2013 702 2065; x_wconf 88' lang='lat' dir='ltr'><strong>occasionem:</strong></span> <span class='ocrx_word' id='word_1_216' title='bbox 717 2014 859 2065; x_wconf 88' lang='lat' dir='ltr'><strong>Caesarem</strong></span> <span class='ocrx_word' id='word_1_217' title='bbox 868 2009 999 2063; x_wconf 70' lang='lat' dir='ltr'><strong>arbitrari</strong></span> 
     </span>
     <span class='ocr_line' id='line_1_29' title="bbox 72 2077 998 2198; baseline 0.001 -69"><span class='ocrx_word' id='word_1_218' title='bbox 72 2078 222 2198; x_wconf 68' lang='lat' dir='ltr'><strong>profectum</strong></span> <span class='ocrx_word' id='word_1_219' title='bbox 246 2079 272 2130; x_wconf 92' lang='lat' dir='ltr'><strong>in</strong></span> <span class='ocrx_word' id='word_1_220' title='bbox 297 2077 416 2130; x_wconf 87' lang='lat' dir='ltr'><strong>ltaliam:</strong></span> <span class='ocrx_word' id='word_1_221' title='bbox 447 2096 536 2147; x_wconf 91' lang='lat' dir='ltr'><strong>neque</strong></span> <span class='ocrx_word' id='word_1_222' title='bbox 559 2081 636 2133; x_wconf 87' lang='lat' dir='ltr'><strong>aliter</strong></span> <span class='ocrx_word' id='word_1_223' title='bbox 663 2082 793 2133; x_wconf 89' lang='lat' dir='ltr'><strong>Carnutes</strong></span> <span class='ocrx_word' id='word_1_224' title='bbox 822 2078 998 2133; x_wconf 88' lang='lat' dir='ltr'><strong>interficiendi</strong></span> 
     </span>
    </p>

    <p class='ocr_par' dir='ltr' id='par_1_6' title="bbox 95 2146 997 2219">
     <span class='ocr_line' id='line_1_30' title="bbox 95 2146 997 2219; baseline 0.001 -20"><span class='ocrx_word' id='word_1_225' title='bbox 95 2148 190 2216; x_wconf 86' lang='lat' dir='ltr'><strong>asgetii</strong></span> <span class='ocrx_word' id='word_1_226' title='bbox 211 2146 352 2200; x_wconf 88' lang='lat' dir='ltr'><strong>consilium</strong></span> <span class='ocrx_word' id='word_1_227' title='bbox 371 2147 454 2200; x_wconf 87' lang='lat' dir='ltr'><strong>luisse</strong></span> <span class='ocrx_word' id='word_1_228' title='bbox 478 2157 609 2219; x_wconf 90' lang='lat' dir='ltr'><strong>capturos,</strong></span> <span class='ocrx_word' id='word_1_229' title='bbox 631 2166 719 2218; x_wconf 89' lang='lat' dir='ltr'><strong>neque</strong></span> <span class='ocrx_word' id='word_1_230' title='bbox 740 2150 888 2218; x_wconf 86' lang='lat' dir='ltr'><strong>Eburones,</strong></span> <span class='ocrx_word' id='word_1_231' title='bbox 909 2150 931 2201; x_wconf 90' lang='lat' dir='ltr'><strong>si</strong></span> <span class='ocrx_word' id='word_1_232' title='bbox 951 2148 997 2201; x_wconf 91' lang='lat' dir='ltr'><strong>ille</strong></span> 
     </span>
    </p>
   </div>
   <div class='ocr_carea' id='block_1_3' title="bbox 70 2303 998 2542">
    <p class='ocr_par' dir='ltr' id='par_1_7' title="bbox 70 2303 998 2542">
     <span class='ocr_line' id='line_1_31' title="bbox 100 2303 996 2368; baseline 0.004 -16"><span class='ocrx_word' id='word_1_233' title='bbox 100 2306 108 2334; x_wconf 91' lang='lat'>¹</span> <span class='ocrx_word' id='word_1_234' title='bbox 122 2303 271 2365; x_wconf 74' lang='lat' dir='ltr'><strong>Quantasuis</strong></span> <span class='ocrx_word' id='word_1_235' title='bbox 288 2323 397 2367; x_wconf 82' lang='lat' dir='ltr'><strong>mugnus.</strong></span> <span class='ocrx_word' id='word_1_236' title='bbox 430 2306 485 2353; x_wconf 86' lang='lat' dir='ltr'><strong>The</strong></span> <span class='ocrx_word' id='word_1_237' title='bbox 498 2306 566 2355; x_wconf 88' lang='lat' dir='ltr'><strong>word</strong></span> <span class='ocrx_word' id='word_1_238' title='bbox 582 2324 682 2368; x_wconf 80' lang='lat' dir='ltr'><strong>magnes</strong></span> <span class='ocrx_word' id='word_1_239' title='bbox 699 2307 724 2354; x_wconf 91' lang='lat' dir='ltr'><strong>in</strong></span> <span class='ocrx_word' id='word_1_240' title='bbox 740 2306 790 2354; x_wconf 90' lang='lat' dir='ltr'><strong>this</strong></span> <span class='ocrx_word' id='word_1_241' title='bbox 806 2308 949 2365; x_wconf 87' lang='lat' dir='ltr'><strong>expression</strong></span> <span class='ocrx_word' id='word_1_242' title='bbox 966 2309 996 2365; x_wconf 87' lang='lat' dir='ltr'><strong>is,</strong></span> 
     </span>
     <span class='ocr_line' id='line_1_32' title="bbox 72 2364 998 2425; baseline 0.005 -14"><span class='ocrx_word' id='word_1_243' title='bbox 72 2364 184 2424; x_wconf 88' lang='lat' dir='ltr'><strong>properly</strong></span> <span class='ocrx_word' id='word_1_244' title='bbox 201 2364 328 2425; x_wconf 81' lang='lat' dir='ltr'><strong>speaking,</strong></span> <span class='ocrx_word' id='word_1_245' title='bbox 348 2365 516 2423; x_wconf 76' lang='lat' dir='ltr'><strong>superfluous:</strong></span> <span class='ocrx_word' id='word_1_246' title='bbox 537 2367 580 2412; x_wconf 89' lang='lat' dir='ltr'><strong>but</strong></span> <span class='ocrx_word' id='word_1_247' title='bbox 597 2366 735 2424; x_wconf 85' lang='lat' dir='ltr'><strong>pleonesms</strong></span> <span class='ocrx_word' id='word_1_248' title='bbox 752 2365 780 2412; x_wconf 84' lang='lat' dir='ltr'><strong>ol</strong></span> <span class='ocrx_word' id='word_1_249' title='bbox 793 2365 835 2413; x_wconf 93' lang='lat' dir='ltr'><strong>the</strong></span> <span class='ocrx_word' id='word_1_250' title='bbox 853 2381 921 2413; x_wconf 89' lang='lat' dir='ltr'><strong>same</strong></span> <span class='ocrx_word' id='word_1_251' title='bbox 939 2367 998 2416; x_wconf 86' lang='lat' dir='ltr'><strong>kind</strong></span> 
     </span>
     <span class='ocr_line' id='line_1_33' title="bbox 71 2422 997 2483; baseline 0.004 -14"><span class='ocrx_word' id='word_1_252' title='bbox 71 2422 137 2470; x_wconf 86' lang='lat' dir='ltr'><strong>often</strong></span> <span class='ocrx_word' id='word_1_253' title='bbox 151 2439 225 2470; x_wconf 89' lang='lat' dir='ltr'><strong>occur</strong></span> <span class='ocrx_word' id='word_1_254' title='bbox 236 2423 260 2470; x_wconf 92' lang='lat' dir='ltr'><strong>in</strong></span> <span class='ocrx_word' id='word_1_255' title='bbox 272 2423 352 2479; x_wconf 90' lang='lat' dir='ltr'><strong>Latin,</strong></span> <span class='ocrx_word' id='word_1_256' title='bbox 366 2424 412 2472; x_wconf 91' lang='lat' dir='ltr'><strong>and</strong></span> <span class='ocrx_word' id='word_1_257' title='bbox 430 2423 516 2471; x_wconf 91' lang='lat' dir='ltr'><strong>render</strong></span> <span class='ocrx_word' id='word_1_258' title='bbox 532 2423 574 2472; x_wconf 91' lang='lat' dir='ltr'><strong>the</strong></span> <span class='ocrx_word' id='word_1_259' title='bbox 592 2425 734 2482; x_wconf 89' lang='lat' dir='ltr'><strong>expression</strong></span> <span class='ocrx_word' id='word_1_260' title='bbox 750 2423 887 2483; x_wconf 83' lang='lat' dir='ltr'><strong>emphatic:</strong></span> <span class='ocrx_word' id='word_1_261' title='bbox 907 2424 943 2472; x_wconf 85' lang='lat' dir='ltr'><strong>‘if</strong></span> <span class='ocrx_word' id='word_1_262' title='bbox 955 2426 997 2474; x_wconf 89' lang='lat' dir='ltr'><strong>the</strong></span> 
     </span>
     <span class='ocr_line' id='line_1_34' title="bbox 70 2480 655 2542; baseline -0.002 -13"><span class='ocrx_word' id='word_1_263' title='bbox 70 2480 148 2530; x_wconf 81' lang='lat' dir='ltr'><strong>forces</strong></span> <span class='ocrx_word' id='word_1_264' title='bbox 159 2482 188 2530; x_wconf 85' lang='lat' dir='ltr'><strong>os</strong></span> <span class='ocrx_word' id='word_1_265' title='bbox 200 2482 242 2530; x_wconf 91' lang='lat' dir='ltr'><strong>the</strong></span> <span class='ocrx_word' id='word_1_266' title='bbox 255 2482 376 2530; x_wconf 79' lang='lat' dir='ltr'><strong>Germane</strong></span> <span class='ocrx_word' id='word_1_267' title='bbox 387 2498 452 2530; x_wconf 86' lang='lat' dir='ltr'><strong>were</strong></span> <span class='ocrx_word' id='word_1_268' title='bbox 463 2498 521 2531; x_wconf 87' lang='lat' dir='ltr'><strong>ever</strong></span> <span class='ocrx_word' id='word_1_269' title='bbox 531 2498 560 2530; x_wconf 91' lang='lat' dir='ltr'><strong>so</strong></span> <span class='ocrx_word' id='word_1_270' title='bbox 570 2483 655 2542; x_wconf 66' lang='lat' dir='ltr'><strong>great!</strong></span> 
     </span>
    </p>
   </div>
   <div class='ocr_carea' id='block_1_4' title="bbox 98 2554 809 2615">
    <p class='ocr_par' dir='ltr' id='par_1_8' title="bbox 98 2554 809 2615">
     <span class='ocr_line' id='line_1_35' title="bbox 98 2554 809 2615; baseline 0.003 -12"><span class='ocrx_word' id='word_1_271' title='bbox 98 2554 205 2603; x_wconf 81' lang='lat' dir='ltr'><strong>’Docere</strong></span> <span class='ocrx_word' id='word_1_272' title='bbox 215 2555 273 2604; x_wconf 91' lang='lat' dir='ltr'><strong>here</strong></span> <span class='ocrx_word' id='word_1_273' title='bbox 284 2555 329 2603; x_wconf 90' lang='lat' dir='ltr'><strong>has</strong></span> <span class='ocrx_word' id='word_1_274' title='bbox 340 2556 382 2604; x_wconf 91' lang='lat' dir='ltr'><strong>the</strong></span> <span class='ocrx_word' id='word_1_275' title='bbox 394 2555 508 2615; x_wconf 88' lang='lat' dir='ltr'><strong>meaning</strong></span> <span class='ocrx_word' id='word_1_276' title='bbox 518 2555 547 2603; x_wconf 82' lang='lat' dir='ltr'><strong>oi</strong></span> <span class='ocrx_word' id='word_1_277' title='bbox 553 2558 720 2604; x_wconf 82' lang='lat' dir='ltr'><strong>denwnstrare.</strong></span> <span class='ocrx_word' id='word_1_278' title='bbox 807 2577 809 2581; x_wconf 64' lang='grc'>’</span> 
     </span>
    </p>
   </div>
   <div class='ocr_carea' id='block_1_5' title="bbox 98 2616 997 2691">
    <p class='ocr_par' dir='ltr' id='par_1_9' title="bbox 98 2616 997 2691">
     <span class='ocr_line' id='line_1_36' title="bbox 98 2616 997 2691; baseline 0.007 -17"><span class='ocrx_word' id='word_1_279' title='bbox 98 2629 107 2656; x_wconf 84' lang='lat'>⁸</span> <span class='ocrx_word' id='word_1_280' title='bbox 117 2627 172 2675; x_wconf 90' lang='lat' dir='ltr'><strong>The</strong></span> <span class='ocrx_word' id='word_1_281' title='bbox 184 2629 298 2689; x_wconf 85' lang='lat' dir='ltr'><strong>meaning</strong></span> <span class='ocrx_word' id='word_1_282' title='bbox 309 2629 343 2676; x_wconf 88' lang='lat' dir='ltr'><strong>is:</strong></span> <span class='ocrx_word' id='word_1_283' title='bbox 362 2628 421 2688; x_wconf 88' lang='lat' dir='ltr'><strong>they</strong></span> <span class='ocrx_word' id='word_1_284' title='bbox 433 2628 483 2684; x_wconf 90' lang='lat' dir='ltr'><strong>(the</strong></span> <span class='ocrx_word' id='word_1_285' title='bbox 496 2616 623 2684; x_wconf 72' lang='lat' dir='ltr'><strong>Romans),</strong></span> <span class='ocrx_word' id='word_1_286' title='bbox 637 2628 741 2677; x_wconf 88' lang='lat' dir='ltr'><strong>without</strong></span> <span class='ocrx_word' id='word_1_287' title='bbox 751 2630 825 2691; x_wconf 83' lang='lat' dir='ltr'><strong>being</strong></span> <span class='ocrx_word' id='word_1_288' title='bbox 836 2631 997 2680; x_wconf 90' lang='lat' dir='ltr'><strong>commanded</strong></span> 
     </span>
    </p>
   </div>
   <div class='ocr_carea' id='block_1_6' title="bbox 70 2685 997 2807">
    <p class='ocr_par' dir='ltr' id='par_1_10' title="bbox 70 2685 997 2807">
     <span class='ocr_line' id='line_1_37' title="bbox 70 2685 997 2752; baseline 0.005 -17"><span class='ocrx_word' id='word_1_289' title='bbox 70 2685 103 2746; x_wconf 94' lang='lat' dir='ltr'><strong>by</strong></span> <span class='ocrx_word' id='word_1_290' title='bbox 121 2686 213 2736; x_wconf 83' lang='lat' dir='ltr'><strong>Caesar</strong></span> <span class='ocrx_word' id='word_1_291' title='bbox 231 2691 321 2744; x_wconf 83' lang='lat' dir='ltr'><strong>(ultro),</strong></span> <span class='ocrx_word' id='word_1_292' title='bbox 341 2688 388 2737; x_wconf 86' lang='lat' dir='ltr'><strong>had</strong></span> <span class='ocrx_word' id='word_1_293' title='bbox 410 2687 509 2748; x_wconf 89' lang='lat' dir='ltr'><strong>bravely</strong></span> <span class='ocrx_word' id='word_1_294' title='bbox 525 2687 583 2737; x_wconf 88' lang='lat' dir='ltr'><strong>held</strong></span> <span class='ocrx_word' id='word_1_295' title='bbox 603 2697 645 2736; x_wconf 89' lang='lat' dir='ltr'><strong>out</strong></span> <span class='ocrx_word' id='word_1_296' title='bbox 662 2689 756 2750; x_wconf 76' lang='lat' dir='ltr'><strong>against</strong></span> <span class='ocrx_word' id='word_1_297' title='bbox 774 2690 816 2738; x_wconf 89' lang='lat' dir='ltr'><strong>the</strong></span> <span class='ocrx_word' id='word_1_298' title='bbox 833 2706 931 2752; x_wconf 88' lang='lat' dir='ltr'><strong>enemy,</strong></span> <span class='ocrx_word' id='word_1_299' title='bbox 950 2692 997 2740; x_wconf 91' lang='lat' dir='ltr'><strong>and</strong></span> 
     </span>
     <span class='ocr_line' id='line_1_38' title="bbox 70 2746 402 2807; baseline 0.006 -14"><span class='ocrx_word' id='word_1_300' title='bbox 70 2746 190 2795; x_wconf 89' lang='lat' dir='ltr'><strong>wounded</strong></span> <span class='ocrx_word' id='word_1_301' title='bbox 201 2762 275 2807; x_wconf 81' lang='lat' dir='ltr'><strong>many</strong></span> <span class='ocrx_word' id='word_1_302' title='bbox 286 2747 314 2795; x_wconf 87' lang='lat' dir='ltr'><strong>of</strong></span> <span class='ocrx_word' id='word_1_303' title='bbox 326 2747 402 2795; x_wconf 86' lang='lat' dir='ltr'><strong>them.</strong></span> 
     </span>
    </p>
   </div>
   <div class='ocr_carea' id='block_1_7' title="bbox 69 2821 996 3079">
    <p class='ocr_par' dir='ltr' id='par_1_11' title="bbox 97 2821 382 2882">
     <span class='ocr_line' id='line_1_39' title="bbox 97 2821 382 2882; baseline 0.011 -15"><span class='ocrx_word' id='word_1_304' title='bbox 97 2821 211 2878; x_wconf 76' lang='lat' dir='ltr'><strong>‘Premi;</strong></span> <span class='ocrx_word' id='word_1_305' title='bbox 230 2821 336 2882; x_wconf 86' lang='lat' dir='ltr'><strong>namely,</strong></span> <span class='ocrx_word' id='word_1_306' title='bbox 349 2839 382 2870; x_wconf 80' lang='lat' dir='ltr'><strong>se.</strong></span> 
     </span>
    </p>

    <p class='ocr_par' dir='ltr' id='par_1_12' title="bbox 69 2894 996 3079">
     <span class='ocr_line' id='line_1_40' title="bbox 98 2894 995 2958; baseline 0.006 -15"><span class='ocrx_word' id='word_1_307' title='bbox 98 2895 188 2943; x_wconf 71' lang='lat' dir='ltr'><strong>&#39;Leuis</strong></span> <span class='ocrx_word' id='word_1_308' title='bbox 199 2895 257 2943; x_wconf 88' lang='lat' dir='ltr'><strong>here</strong></span> <span class='ocrx_word' id='word_1_309' title='bbox 269 2895 289 2942; x_wconf 84' lang='lat' dir='ltr'><strong>is</strong></span> <span class='ocrx_word' id='word_1_310' title='bbox 301 2894 478 2955; x_wconf 83' lang='lat' dir='ltr'><strong>‘thoughtless&#39;</strong></span> <span class='ocrx_word' id='word_1_311' title='bbox 488 2909 516 2943; x_wconf 91' lang='lat' dir='ltr'><strong>or</strong></span> <span class='ocrx_word' id='word_1_312' title='bbox 527 2895 723 2955; x_wconf 86' lang='lat' dir='ltr'><strong>‘unprincipled’</strong></span> <span class='ocrx_word' id='word_1_313' title='bbox 748 2897 804 2945; x_wconf 88' lang='lat' dir='ltr'><strong>The</strong></span> <span class='ocrx_word' id='word_1_314' title='bbox 813 2900 872 2958; x_wconf 80' lang='lat' dir='ltr'><strong>quid</strong></span> <span class='ocrx_word' id='word_1_315' title='bbox 882 2898 942 2946; x_wconf 83' lang='lat' dir='ltr'><strong>with</strong></span> <span class='ocrx_word' id='word_1_316' title='bbox 952 2898 995 2948; x_wconf 89' lang='lat' dir='ltr'><strong>the</strong></span> 
     </span>
     <span class='ocr_line' id='line_1_41' title="bbox 69 2952 996 3016; baseline 0.004 -15"><span class='ocrx_word' id='word_1_317' title='bbox 69 2952 186 3002; x_wconf 82' lang='lat' dir='ltr'><strong>infinitiva</strong></span> <span class='ocrx_word' id='word_1_318' title='bbox 194 2954 219 3001; x_wconf 92' lang='lat' dir='ltr'><strong>in</strong></span> <span class='ocrx_word' id='word_1_319' title='bbox 226 2953 275 3001; x_wconf 90' lang='lat' dir='ltr'><strong>this</strong></span> <span class='ocrx_word' id='word_1_320' title='bbox 283 2965 398 3002; x_wconf 88' lang='lat' dir='ltr'><strong>sentence</strong></span> <span class='ocrx_word' id='word_1_321' title='bbox 406 2955 426 3001; x_wconf 90' lang='lat' dir='ltr'><strong>is</strong></span> <span class='ocrx_word' id='word_1_322' title='bbox 433 2954 492 3014; x_wconf 86' lang='lat' dir='ltr'><strong>only</strong></span> <span class='ocrx_word' id='word_1_323' title='bbox 499 2955 659 3014; x_wconf 85' lang='lat' dir='ltr'><strong>anemphatic</strong></span> <span class='ocrx_word' id='word_1_324' title='bbox 666 2956 736 3004; x_wconf 91' lang='lat' dir='ltr'><strong>mode</strong></span> <span class='ocrx_word' id='word_1_325' title='bbox 743 2956 772 3004; x_wconf 87' lang='lat' dir='ltr'><strong>of</strong></span> <span class='ocrx_word' id='word_1_326' title='bbox 778 2957 906 3016; x_wconf 86' lang='lat' dir='ltr'><strong>speaking,</strong></span> <span class='ocrx_word' id='word_1_327' title='bbox 914 2957 996 3009; x_wconf 83' lang='lat' dir='ltr'><strong>which</strong></span> 
     </span>
     <span class='ocr_line' id='line_1_42' title="bbox 69 3012 994 3079; baseline 0.009 -19"><span class='ocrx_word' id='word_1_328' title='bbox 69 3012 135 3061; x_wconf 85' lang='lat' dir='ltr'><strong>osten</strong></span> <span class='ocrx_word' id='word_1_329' title='bbox 143 3029 229 3061; x_wconf 88' lang='lat' dir='ltr'><strong>occurs</strong></span> <span class='ocrx_word' id='word_1_330' title='bbox 238 3012 263 3061; x_wconf 91' lang='lat' dir='ltr'><strong>in</strong></span> <span class='ocrx_word' id='word_1_331' title='bbox 271 3013 351 3070; x_wconf 83' lang='lat' dir='ltr'><strong>Latin,</strong></span> <span class='ocrx_word' id='word_1_332' title='bbox 360 3013 408 3061; x_wconf 89' lang='lat' dir='ltr'><strong>and</strong></span> <span class='ocrx_word' id='word_1_333' title='bbox 416 3013 437 3062; x_wconf 89' lang='lat' dir='ltr'><strong>is</strong></span> <span class='ocrx_word' id='word_1_334' title='bbox 446 3014 584 3073; x_wconf 88' lang='lat' dir='ltr'><strong>equivalent</strong></span> <span class='ocrx_word' id='word_1_335' title='bbox 594 3016 688 3064; x_wconf 73' lang='lat' dir='ltr'><strong>torritii</strong></span> <span class='ocrx_word' id='word_1_336' title='bbox 697 3017 830 3065; x_wconf 80' lang='lat' dir='ltr'><strong>etseleuiut</strong></span> <span class='ocrx_word' id='word_1_337' title='bbox 837 3024 880 3064; x_wconf 84' lang='lat' dir='ltr'><strong>eut</strong></span> <span class='ocrx_word' id='word_1_338' title='bbox 888 3018 994 3079; x_wconf 40' lang='lat' dir='ltr'><strong>turpius:</strong></span> 
     </span>
    </p>
   </div>
   <div class='ocr_carea' id='block_1_8' title="bbox 97 3071 585 3224">
    <p class='ocr_par' dir='ltr' id='par_1_13' title="bbox 97 3071 585 3224">
     <span class='ocr_line' id='line_1_43' title="bbox 97 3071 422 3144; baseline 0.006 -9"><span class='ocrx_word' id='word_1_339' title='bbox 97 3085 187 3144; x_wconf 74' lang='lat' dir='ltr'><strong>⁶Sero;</strong></span> <span class='ocrx_word' id='word_1_340' title='bbox 206 3071 259 3135; x_wconf 87' lang='lat' dir='ltr'><strong>that</strong></span> <span class='ocrx_word' id='word_1_341' title='bbox 269 3087 300 3142; x_wconf 85' lang='lat' dir='ltr'><strong>is¹</strong></span> <span class='ocrx_word' id='word_1_342' title='bbox 313 3097 354 3135; x_wconf 93' lang='lat' dir='ltr'><strong>too</strong></span> <span class='ocrx_word' id='word_1_343' title='bbox 366 3087 422 3138; x_wconf 87' lang='lat' dir='ltr'><strong>late.</strong></span> 
     </span>
     <span class='ocr_line' id='line_1_44' title="bbox 97 3159 585 3224; baseline 0.006 -15"><span class='ocrx_word' id='word_1_344' title='bbox 97 3159 255 3219; x_wconf 80' lang='lat' dir='ltr'><strong>&#39;Arbitreri;</strong></span> <span class='ocrx_word' id='word_1_345' title='bbox 270 3161 359 3224; x_wconf 90' lang='lat' dir='ltr'><strong>supply</strong></span> <span class='ocrx_word' id='word_1_346' title='bbox 369 3165 445 3211; x_wconf 77' lang='lat' dir='ltr'><strong>hostes</strong></span> <span class='ocrx_word' id='word_1_347' title='bbox 456 3176 483 3210; x_wconf 88' lang='lat' dir='ltr'><strong>or</strong></span> <span class='ocrx_word' id='word_1_348' title='bbox 494 3161 585 3212; x_wconf 78' lang='lat' dir='ltr'><strong>Gallos.</strong></span> 
     </span>
    </p>
   </div>
   <div class='ocr_carea' id='block_1_9' title="bbox 163 3224 210 3363">
    <p class='ocr_par' dir='ltr' id='par_1_14' title="bbox 163 3224 210 3363">
     <span class='ocr_line' id='line_1_45' title="bbox 163 3224 210 3363; baseline 0 -43"><span class='ocrx_word' id='word_1_349' title='bbox 163 3224 210 3363; x_wconf 63' lang='lat' dir='ltr'><em>s</em></span> 
     </span>
    </p>
   </div>
   <div class='ocr_carea' id='block_1_10' title="bbox 0 0 1083 3704">
    <p class='ocr_par' dir='ltr' id='par_1_15' title="bbox 0 0 1083 3704">
     <span class='ocr_line' id='line_1_46' title="bbox 0 0 1083 3704; baseline 0 0"><span class='ocrx_word' id='word_1_350' title='bbox 0 0 1083 3704; x_wconf 95' lang='lat' dir='ltr'><strong> </strong></span> 
     </span>
    </p>
   </div>
  </div>
 </body>
</html>
