2146 3704
452 114 548 168 arasa
564 115 638 168 u1·-;
860 122 863 126 ’
954 100 1008 167 89,-

71 223 196 281 nditaris
205 222 550 283 habereeuistimsbantur.
585 223 621 280 Hi
635 224 1005 298 consuctudiaepopulilta

71 294 143 350 mani
155 294 217 351 lum
228 290 441 369 supereffusam
451 294 567 365 munire,
580 293 779 353 commeatibus
795 304 898 363 nostm
915 295 996 352 inter-

70 364 180 420 cludere
192 364 344 421 instituunt.
378 365 523 428 Quodtuui
535 365 649 428 Caseus
666 362 856 433 animadvertit
872 382 936 420 suas
952 383 1005 421 co·,

70 434 136 505 pias
145 433 449 504 proptereaiguitatem
467 452 520 492 non
538 433 617 497 facile
634 432 735 505 diduci,
747 433 854 489 hostem
865 442 893 488 et
904 434 997 505 vagari

70 505 169 563 etuias
186 503 311 562 obsidere
327 512 356 562 ct
373 503 468 564 castris
486 504 552 569 ¹sutis
569 503 875 576 praesidiireliaquere,
888 503 998 560 obeam

70 592 181 629 causam
193 575 285 627 minus
296 574 438 627 commode
451 573 616 628 frumentum
625 583 862 644 commeatumque
872 572 924 628 sibi
935 591 1004 646 sup,

69 644 180 715 portari
195 643 224 698 in
242 643 303 700 dies
322 642 447 705 hostiumv
461 660 613 709 numerum¹
625 643 726 716 augeri,¹
743 661 798 699 non
814 642 998 698 cunctandum

69 711 244 784 existimarit,
257 713 322 783 quin
340 729 431 783 pugna
441 712 601 778 decertaret.
637 714 696 768 Hac
708 731 737 769 re
748 713 784 768 ad
796 712 939 769 consilium
951 713 998 768 de·

68 776 131 854 lata,
144 783 193 863 ubi
204 800 299 843 omnes
311 782 385 842 idem
398 783 498 844 sentire
509 783 798 856 intellexit,posterum
806 781 881 854 diem
889 800 999 855 pugnae

68 854 216 909 consumit.
392 871 393 874 ¹
433 882 438 888 ·
502 870 503 874 ¹
773 895 778 906 s

104 928 147 979 24.Ὶ
165 923 257 978 Prima
268 921 332 984 luce
343 922 478 991 productis
489 922 615 986 omnibus
625 923 718 995 copiis,
732 920 836 995 duplici
847 923 907 978 acie
920 921 997 978 insti·

68 1000 135 1063 tata,
146 992 257 1051 auxiliis
269 991 297 1045 in
309 991 430 1050 mediam
438 993 531 1047 >aciem
544 992 681 1065 conjectis,
696 994 762 1065 quid
780 994 873 1048 hostes
890 991 998 1048 consilii

68 1071 203 1132 asperent,
216 1079 266 1116 exe
320 1062 402 1117 tabat.
438 1059 487 1131 Illi,
500 1063 552 1117 etsi
569 1073 676 1135 propter
692 1062 896 1119 multitudinem
910 1072 938 1117 et
951 1079 997 1116 ve·

69 1141 155 1198 terem
164 1131 239 1190 ,belli
253 1131 365 1202 goriam
378 1133 599 1204 paucitatemque
610 1141 759 1189 nostrorum
772 1150 803 1187 se
815 1141 870 1187 tuto
883 1131 996 1187 dimica·

69 1210 141 1260 turos
159 1201 357 1272 existimabant,
371 1211 462 1256 tamen
480 1204 564 1257 tutius
581 1221 642 1257 esse
656 1203 864 1274 arbitrabantur,
877 1202 998 1257 obsessis

69 1271 128 1341 viis,
141 1279 297 1330 commeatu
314 1270 467 1341 intercluso,
475 1272 540 1334 ‚sine
553 1271 606 1338 ullo
619 1272 730 1325 vulnere
742 1273 854 1327 victoria
867 1271 956 1343 potiri,
968 1279 997 1326 et

68 1340 93 1394 si
104 1350 211 1411 propter
223 1341 340 1410 inopiam
353 1340 391 1392 rei
403 1339 593 1401 frumentariae
605 1341 719 1394 Romani
731 1358 792 1395 sese
804 1341 924 1410 recipere
936 1357 997 1394 coe·

68 1411 180 1480 pleseni,
192 1410 337 1490 impeditos
356 1409 383 1462 in
394 1409 502 1477 agmine
514 1418 542 1463 et
554 1407 605 1462 sub
618 1410 737 1462 sarcinis¹
749 1408 894 1463 infirmiore
905 1408 998 1463 auimo

68 1479 167 1534 adoriri
178 1478 340 1548 cogitabant.
369 1479 426 1532 Hoc
438 1478 549 1545 consilio
561 1477 670 1548 probato
681 1478 717 1532 ab
729 1478 851 1551 ducibus,
861 1478 998 1548 productis

67 1550 251 1604 Romanorum
260 1549 357 1619 copiis,
369 1566 429 1602 sese
448 1550 542 1603 castris
560 1547 712 1617 tenebant„
732 1548 791 1602 Hac
809 1565 837 1601 re
855 1556 998 1619 perspecta

69 1620 190 1691 Crassus,
200 1636 264 1672 cum
273 1635 322 1673 sua
334 1619 503 1673 cunctatione
516 1628 598 1689 atque
610 1618 733 1688 opinione
746 1618 894 1672 timidiores
905 1617 998 1672 hostes

67 1698 172 1744 nostros
190 1689 292 1743 milites
308 1687 451 1742 alacriores
470 1689 505 1743 ad
525 1688 700 1760 pugnandum
722 1687 896 1758 effecissent,⁴
914 1694 997 1757 atque

68 1759 192 1812 omniurn
209 1775 290 1811 voces
310 1758 465 1812 audirentur
485 1758 635 1829 exspectari
655 1757 757 1812 diutius
776 1775 828 1812 non
848 1765 987 1828 opportere

67 1829 133 1897 quin
145 1829 179 1882 ad
192 1837 280 1881 castra
292 1828 380 1899 iretur,
393 1828 546 1884 cohortatus
563 1845 626 1882 suos
642 1824 766 1883 omnibus
778 1828 950 1899 cupientibus
961 1797 997 1882 ad

68 1897 187 1952 hostium
200 1908 286 1951 caetra
298 1898 443 1953 contendit.
813 1948 814 1952 ,

105 1973 147 2021 25.
166 1967 283 2031 ibicum
295 1968 342 2021 alii
354 1967 439 2022 fossas
451 1969 624 2038 complerent,
634 1968 679 2022 alii
691 1967 784 2022 multis
795 1967 856 2022 telis
868 1967 998 2038 conjectis

69 2037 226 2091 defensores
244 2036 313 2090 vallo
332 2037 580 2108 munitionibusque
599 2037 773 2109 depellerent,
789 2037 919 2091 auxiliare
952 2053 995 2107 uc,

68 2107 168 2175 quibus
185 2105 220 2159 ad
257 2124 357 2174 ugnam
373 2125 427 2160 non
437 2107 553 2162 multum
566 2109 677 2161 Crassus
689 2107 849 2177 confidebat,
862 2107 944 2176 lapidi
964 2123 998 2160 us

70 2177 185 2246 telisque
204 2123 438 2230 subministrandis
455 2177 534 2232 etad
553 2179 688 2246 aggercm⁶
706 2176 856 2245 cespitibus
875 2193 996 2247 compor-

68 2345 97 2393 in'
106 2346 190 2405 Spain,
203 2345 285 2394 where
301 2346 332 2394 he
348 2346 496 2394 maintained
507 2346 609 2394 himself
620 2347 653 2404 by
665 2344 703 2393 his
713 2343 851 2403 humanity‚
864 2342 995 2404 prudenos,

69 2405 118 2454 and
127 2405 221 2462 valour,
234 2405 306 2463 until,
319 2406 344 2476 in
355 2421 379 2454 n.
389 2421 411 2453 c.
423 2410 461 2462 72,
474 2405 505 2453 he
515 2421 568 2471 was
579 2403 762 2463 treacheronsly
772 2402 909 2451 murdered.

99 2493 108 2520 ¹
120 2491 209 2554 Capera
218 2492 239 2541 ie
250 2492 308 2541 here
319 2492 380 2540 used
391 2491 416 2540 in
427 2491 468 2539 the
480 2506 552 2539 sense
563 2489 592 2538 os
597 2491 708 2552 deligere,
719 2497 745 2537 to
756 2487 846 2536 ohoose
856 2502 871 2536 a
880 2486 950 2548 place
960 2487 998 2538 t'or

68 2565 172 2611 acamp.
701 2568 703 2572 ³

98 2637 191 2699 ”Quod
205 2639 227 2688 is
242 2639 284 2687 tha
300 2640 381 2746 obpect
397 2637 426 2688 of
439 2638 481 2686 the
496 2639 556 2708 yerb
574 2638 751 2708 animaduertit,
770 2635 816 2684 and
832 2634 853 2684 is
868 2633 998 2705 explained

69 2712 137 2745 more
149 2698 192 2746 full
221 2700 256 2759 by
265 2699 308 2748 the
319 2716 332 2747 c
343 2714 401 2747 arsa
412 2700 443 2747 be
463 2697 546 2759 'nnrng
556 2698 616 2746 with
627 2713 685 2746 saca
696 2713 793 2758 coptum·
811 2697 854 2745 but
866 2706 885 2744 rt
896 2710 953 2757 may
964 2697 996 2744 be

68 2715 211 2827 'translated
220 2759 273 2807 also
288 2761 322 2818 by
335 2758 424 2806 ‘when
439 2770 451 2827 t
467 2757 580 2815 eresore,’
590 2758 643 2819 just
659 2773 686 2806 as
696 2760 759 2818 qaod
774 2758 798 2805 si
813 2755 861 2806 and
871 2759 932 2818 quod
945 2755 998 2804 nisi

69 2816 161 2878 argnrfy
174 2817 210 2880 ‘if
217 2816 357 2875 therefore‚'
370 2818 417 2866 and
430 2817 467 2867 ‘is
473 2817 592 2867 therefore
604 2819 666 2875 not‚'
678 2833 706 2866 or
718 2816 816 2866 ‘unless
827 2814 964 2864 therefore!

100 2903 166 2952 ¹Sea
178 2904 201 2952 ii.
215 2908 252 2962 tr,
265 2908 356 2955 noted.

103 2991 188 3039 *Thac
199 2992 230 3049 is,
243 3008 270 3040 as
282 2992 323 3040 tha
335 3001 376 3041 too
387 2992 457 3041 timid
468 3007 566 3051 enemy,
578 2993 612 3051 by
623 2990 687 3038 their
696 2989 777 3050 delay,
790 2986 837 3036 and
847 2988 882 3047 by
892 2985 934 3032 tha
945 2983 997 3045 opi-

68 3049 129 3097 nion
143 3050 234 3107 which,
248 3053 281 3110 by
291 3047 356 3099 their
370 3051 451 3111 delay‚
464 3051 524 3110 they
534 3050 583 3099 had
598 3048 696 3099 created
711 3063 801 3108 among
816 3047 859 3095 tho
875 3037 996 3102 Romans,

70 3108 120 3157 laad
130 3110 201 3158 made
212 3126 256 3158 our
266 3109 369 3159 soldiers
380 3126 448 3160 more
459 3125 616 3172 oourageous.

101 3195 393 3304 ‘Nagnplyfaciesdam
542 3270 563 3307 a
