2146 3704
63 208 124 272 148
364 225 405 267 oa
426 224 525 267 annuo
544 188 681 267 cremba.

60 338 191 392 carnutes
208 335 311 408 legatos
327 334 490 405 obsidesque
508 335 623 403 mittunt,
641 335 684 389 usi
700 333 918 406 deprecatoubus
935 334 988 390 Re·

60 407 121 487 mis,
134 423 248 478 quorum
259 414 334 460 erant
347 406 375 460 in
386 405 528 459 clientela:
548 405 645 459 eadem
657 404 747 458 serunt
764 421 901 475 responsa.
935 405 988 460 Pe·

60 485 129 547 ragit
140 477 281 531 concilium
294 477 393 530 Caesar
405 475 564 546 equitesque
574 476 687 546 imperat
699 475 862 529 civitatibus.

95 551 122 600 b.
140 547 199 601 Hac
217 554 293 618 parte
312 545 417 599 Galliae
436 553 540 627 pacata,
552 551 624 598 totus
643 552 671 598 et
690 552 783 598 mente
802 553 830 598 et
849 543 949 597 animo¹
960 543 989 598 in

59 613 166 670 bellum
184 615 352 671 Trevirorum
372 624 400 669 et
418 615 582 684 Ambiorrgis
599 613 706 668 insistit.
741 614 990 668 Cavarinnm’cnrn

61 686 182 757 equitatu
194 687 328 741 Senonum
341 702 435 740 secum
446 685 576 755 proticisci
587 683 671 755 jubet,
681 701 716 740 ne
728 684 847 754 quisunt
859 700 896 737 ex
907 682 991 753 hujus

59 754 200 810 iracundia
222 763 269 809 aut
292 771 327 808 ex
350 771 391 824 eo,
411 754 483 824 quod
507 762 649 825 meruerat,
674 752 735 807 odio
758 753 876 807 civitatis
898 761 992 807 motus

60 825 181 879 exsistat.
216 825 267 879 His
278 824 359 877 rebus
370 823 527 894 constitutis,
539 823 611 893 qnod
630 840 679 894 pro
696 823 832 894 explorato
851 821 992 894 babebat,⁸

59 893 245 963 Ambiorigem
256 893 356 973 proelio
367 909 420 946 non
432 908 492 945 esse
504 901 727 963 concertaturum,
740 892 843 962 reliqua
854 891 916 962 ejus
926 908 989 946 corr·

60 961 121 1016 silio
137 964 228 1017 ammo
239 961 480 1032 crrcnmspiciebat.
516 963 599 1016 Erant
617 961 739 1034 Menapii
757 962 899 1034 propinqui
916 961 989 1016 Ebu·

59 1046 156 1086 ronum
174 1031 280 1104 finibus,
292 1031 430 1102 perpetuis
448 1031 592 1102 paludibus
612 1031 740 1103 silvisque
759 1031 863 1102 muniti,
876 1032 923 1101 qui
942 1029 989 1085 uni

61 1116 97 1155 ox
107 1101 196 1156 Gabia
214 1101 250 1155 de
269 1117 337 1172 pace
349 1100 384 1155 ad
397 1101 541 1155 Caesarem
559 1101 662 1170 legatos
680 1117 830 1172 numquam
848 1100 989 1154 miserant.

60 1171 129 1226 Cum
142 1172 176 1226 iis
187 1188 248 1225 esso
260 1170 405 1252 hospitium
418 1171 566 1240 Ambiorigi
584 1170 702 1243 sciebat:
721 1171 788 1224 item
804 1186 853 1241 per
863 1170 990 1224 Treviros

60 1241 171 1295 venisse
188 1241 331 1295 Germanis
347 1240 375 1294 in
391 1239 538 1294 amicitiem
559 1248 728 1308 cognoverat.
763 1240 839 1293 Haec
856 1239 933 1311 prius
950 1238 989 1305 illi

60 1307 228 1363 detrahenda
239 1309 341 1364 auxilia
352 1308 529 1379 existimabat,
563 1326 626 1362 nam
636 1309 726 1380 ipsum
742 1308 816 1363 bello
826 1309 991 1379 lacesseret,

60 1394 98 1432 ne
117 1377 259 1450 desperata
282 1378 368 1433 salute
388 1387 435 1432 aut
454 1395 485 1432 se
505 1379 532 1432 in
585 1379 695 1449 anapios
713 1378 833 1450 abderet,
854 1388 903 1432 aut
926 1394 989 1434 curu

60 1447 262 1503 transrhenanis
280 1448 414 1518 congredi
424 1456 573 1517 cogeretur.
608 1449 666 1502 lloo
686 1448 751 1501 inito
769 1447 888 1519 consilio,
909 1456 990 1502 totins

63 1519 199 1572 exercitus
210 1518 405 1591 impedimenta
415 1518 450 1572 ad
462 1518 613 1573 Labienum
624 1518 652 1572 in
663 1518 788 1571 Treviros
805 1518 895 1599 mittit,
909 1517 989 1572 duas

61 1596 116 1659 qne
135 1587 255 1657 legiones
275 1588 310 1642 ad
330 1605 395 1642 eum
415 1588 549 1658 proticisci
567 1586 658 1658 jubet:
677 1588 736 1658 ipse
755 1604 820 1642 curn
837 1587 990 1657 legionibus

62 1655 196 1726 expertius
207 1658 326 1727 quinque
337 1657 364 1710 iu
376 1657 520 1738 Menapios
536 1656 720 1728 proficiscitur.
744 1657 795 1728 Illi,
808 1656 885 1713 nulla
896 1664 989 1711 coacta

61 1739 155 1796 manu,
176 1725 230 1780 loci
251 1726 384 1797 praesidio
403 1727 474 1798 freti,
494 1727 522 1781 in
542 1726 624 1780 silvas
645 1725 812 1798 paludesque
832 1726 989 1796 confugiunt

63 1809 167 1866 suaque
180 1795 278 1850 eodem
290 1795 438 1849 conferunt.
677 1798 682 1807 '

98 1868 124 1916 6.
139 1864 248 1935 Caesar,
280 1865 368 1918 artitis
379 1865 462 1935 copiis
480 1880 542 1919 cum
555 1866 586 1919 C.
598 1864 683 1919 Fabio
699 1864 788 1934 legato
800 1872 828 1919 et
838 1864 881 1918 M.
894 1864 989 1918 Crasso

61 1939 212 2054 inuertere,
225 1881 402 2013 celeriterque
420 1933 526 1986 effectis
543 1934 675 2014 pontibus,
688 1934 754 1988 adit·
765 1933 904 2014 tripartito,
916 1933 989 1988 aedi·

99 2016 125 2054 ra
142 2015 270 2069 meosque
290 2001 420 2072 incendit,
438 2017 538 2068 magno
555 2018 661 2071 pecoris
679 2011 760 2084 atque
780 2003 922 2058 bominum
940 2019 989 2058 nu·

61 2083 140 2124 nero
148 2068 255 2140 potitur.
291 2068 395 2138 Quibus
406 2068 487 2122 rebus
498 2071 584 2123 coacti
601 2072 733 2143 Menapii,
745 2073 849 2143 legatos
865 2073 902 2126 ad
920 2084 992 2127 eum⁵

61 2138 139 2209 pacis
153 2136 290 2208 petendae
308 2154 392 2191 causa
403 2137 521 2192 mittunt.
557 2139 614 2212 llle,
627 2141 767 2196 obsidibus
783 2142 913 2224 acceptis,
927 2141 988 2196 boo·

61 2205 131 2260 tium
143 2223 174 2260 se
185 2205 339 2262 habiturum
352 2223 464 2261 numero
476 2208 622 2281 confirmat,
636 2210 658 2264 si
676 2219 722 2264 ant
734 2211 928 2281 Ambiorigem,
940 2211 994 2265 aut'
1053 2252 1070 2269 a

83 2272 125 2329 'ns
135 2275 239 2346 legatos
255 2274 354 2332 finibus
372 2278 428 2332 suis
440 2278 613 2348 recepissent,
649 2280 697 2333 His
715 2280 888 2334 confirmatis·
899 2278 995 2353 rebus,

61 2345 386 2469 mulmilmmlmm
397 2363 464 2428 curnv
473 2348 593 2428 equitatu
610 2348 730 2403 custodis
740 2348 799 2403 loco
811 2350 839 2404 in
850 2349 994 2422 Menapiis

72 2548 75 2553 ¹
97 2488 123 2566 ⁷:
147 2417 749 2569 mturllilreerlnaffiaelelllsrggomllrctllllrlbemu,
761 2489 867 2558 magnis
878 2484 990 2543 'coactio

60 2553 198 2633 podrmtus'
209 2564 336 2630 ,equitatu
369 2573 405 2611 uo
428 2573 521 2629 copus,
540 2556 690 2627 Labienum
713 2573 778 2611 curn
795 2573 851 2611 una
870 2557 993 2629 logiona·

61 2638 131 2694 quae
150 2625 179 2679 in
197 2641 290 2681 eorum
307 2625 354 2681 fini
375 2642 408 2681 us
425 2625 573 2698 hiemabat,
592 2626 687 2680 adoriri
706 2626 851 2703 parabant:
875 2625 995 2715 jamque,

88 2809 156 2858 'Sec
165 2810 200 2859 ib.
213 2814 250 2869 te,
262 2821 320 2862 uoto
330 2814 346 2861 ³

89 2882 156 2932 ’See
166 2898 190 2931 r.
199 2885 238 2932 54.
587 2898 597 2914 ²
996 2904 999 2909 ³

88 2954 160 3005 'Pro
168 2957 287 3019 explorato
296 2958 390 3019 aliquid
403 2960 492 3017 babere,
508 2964 547 3009 ‘to
556 2960 651 3010 believe
661 2976 676 3010 a
685 2959 757 3024 thing
765 2969 794 3010 to
801 2962 835 3011 bo
844 2959 955 3012 comaim'

75 3036 98 3077 '⁴
109 3045 228 3115 congredi
237 3044 297 3115 noes
312 3054 355 3095 not
365 3045 424 3097 bero
434 3046 524 3111 signiiy
537 3053 576 3099 ‘to
586 3049 667 3112 figur:
679 3051 723 3100 bnt
736 3049 857 3113 ‘tojam’
869 3064 897 3102 or
909 3046 985 3100 ‘forn

58 3119 90 3154 au
100 3105 202 3154 ullranco
213 3104 292 3155 with!

87 3178 203 3241 ‘Supply
213 3178 350 3243 Menapios.

78 3253 97 3284 ¹¹
108 3253 273 3318 Gosfimrotis5
290 3255 344 3305 thot
354 3257 384 3314 is,
395 3257 542 3306 comtitatr‘a.
