2146 3704
70 236 114 300 Od
375 253 416 295 oa
437 252 536 295 annuo
554 252 691 295 oannroo.

72 362 100 416 in
112 362 201 416 Gallia
213 370 383 416 remanerent
390 378 397 432 3
414 379 504 433 neque
515 365 618 416 verum¹
631 379 691 415 esse
707 362 753 432 qui
770 378 832 415 suos
846 361 915 416 fines
926 361 997 418 tueri

72 450 124 486 non
139 434 280 502 potuerint,
294 432 396 485 alienos
404 449 535 502 occupare
540 449 548 500 3
562 449 650 502 neque
668 432 737 485 ullos
757 433 784 484 in
799 432 887 498 Gallia
900 450 998 487 vacare

71 519 157 572 agros,
181 502 227 571 qui
249 501 306 554 dari
331 511 421 554 tantae
446 503 603 571 praesertim
630 501 796 554 multitudini
820 503 878 554 sine
902 501 999 573 injuria

72 571 189 641 possint,
210 572 259 625 sed
277 572 367 641 licere,
387 571 409 623 si
427 572 520 642 velint,
539 572 566 624 in
583 570 713 624 Ubiorum
731 571 830 624 finibus
847 573 997 642 considere,

72 657 185 711 quomm
203 642 255 695 sint
273 641 353 710 legati
370 641 441 712 apud
459 659 489 694 se
507 651 534 695 et
549 641 583 694 de
600 640 748 694 Suevorum
766 641 867 712 injuriis
883 658 999 711 queran-

72 720 114 764 tur
125 720 153 764 et
164 729 182 764 a
193 729 223 764 se
235 711 366 765 auxillum
378 719 486 780 petant:
506 711 557 764 hoc
570 727 600 763 se
612 710 691 764 Ubiis
703 711 917 780 imperaturum.²

47 815 53 820 -
107 785 132 833 9.
151 780 244 849 Legati
257 781 325 834 haee
337 798 367 832 se
379 780 414 833 ad
427 797 489 833 suos
497 780 757 834 relaturosdixerunt
769 788 797 832 et
809 797 837 832 re
850 780 1000 835 deliberata

71 859 131 920 post
148 850 224 903 diem
242 851 350 903 tertium
367 849 402 901 ad
420 851 565 903 Caesarem
583 866 749 903 reversuros:
768 850 871 902 interea
888 868 924 903 ne
941 867 1000 920 pro·

71 919 131 989 pius
149 938 179 972 se
193 927 281 972 castra
294 926 422 998 moveret,
436 919 578 989 petierunt.
615 920 658 972 Ne
675 919 700 972 id
718 919 829 990 quidem
846 920 945 972 Caesar
962 919 1001 975 ab

71 1006 102 1042 se
120 989 255 1058 impetrari
309 1005 352 1040 sse
368 987 442 1041 dixit.
479 990 644 1058 Cognoverat
661 990 735 1043 enim
751 1006 879 1058 magnam
893 997 999 1059 partem

71 1058 206 1128 equitatus
220 1057 256 1111 ab
292 1058 313 1110 's
330 1057 432 1126 aliquot
448 1057 545 1112 diebus
561 1067 624 1111 ante
642 1059 788 1129 praedandi
807 1058 1000 1134 frumentaqdi·

71 1144 125 1198 que
136 1144 219 1181 causa
230 1127 266 1181 ad
277 1127 459 1181 Ambivaritos
472 1137 544 1181 trans
555 1129 673 1181 Mosam¹
684 1129 811 1182 missam:
825 1126 875 1181 hos
886 1144 1001 1198 exspec-

70 1197 122 1320 {aari
139 1200 246 1268 equites
262 1205 344 1267 atque
362 1195 421 1267 ejus
443 1197 482 1250 rei
499 1214 581 1250 causa
603 1214 710 1250 moram
734 1198 866 1268 interponi
888 1197 1001 1253 arbitra·

109 1275 158 1320 tur.

108 1341 148 1389 10.
167 1337 246 1390 Mosa
271 1335 375 1406 produit
402 1352 438 1388 ex
461 1343 553 1389 monte
576 1337 689 1406 vosego,
708 1336 754 1405 qui
780 1343 821 1389 est
847 1337 875 1390 in
900 1337 1000 1392 tinibus

71 1404 228 1476 Lingonum,
247 1414 275 1459 et
292 1413 367 1486 parte
385 1405 502 1475 quadam
520 1423 555 1458 ex
573 1405 666 1460 Rheno
684 1413 799 1474 recepta,
818 1422 888 1475 quae
906 1407 1000 1477 appel·

71 1475 140 1529 latur
157 1475 276 1542 Vahalis,
296 1475 411 1529 insulam
434 1475 519 1528 efficit
542 1476 711 1544 Batavorum,
730 1491 820 1544 neque
841 1474 945 1542 longius
961 1475 1000 1530 ab

70 1546 178 1599 Oceano
195 1545 304 1599 milibus
357 1561 451 1598 ssuum
467 1563 548 1599 nxxx.
569 1548 596 1599 in
614 1544 739 1599 Rhenum
756 1543 850 1597 influit.
886 1545 1000 1603 Rhenus

70 1626 165 1669 autem
181 1616 262 1669 oritur
274 1631 309 1667 ex
359 1615 463 1684 pontiis,
477 1615 523 1684 qui
535 1615 621 1684 Alpes
640 1613 766 1684 incolunt,
779 1622 807 1666 et
819 1613 897 1682 longo
910 1615 998 1684 spatio

70 1701 119 1754 per
136 1685 205 1738 fines
221 1684 406 1753 Nantuatium,
426 1684 617 1754 Helvetiorum,
636 1683 826 1752 Sequanorum,
846 1684 1000 1738 Medioma-

70 1755 204 1824 tricorum,
214 1753 394 1823 Tribocorum,
405 1755 572 1807 Treviromm
585 1755 683 1806 citatus
694 1752 785 1823 fertur,
795 1761 824 1806 et
834 1753 881 1807 ubi
890 1754 997 1808 Oceano

70 1824 338 1945 appropinquantia
357 1824 446 1893 plures
460 1823 556 1877 defluit
571 1831 661 1894 partes
679 1821 771 1876 multis
789 1823 997 1893 ingentibusque

71 1893 167 1946 insulis
184 1911 200 1945 e
222 1894 296 1956 sctis,
316 1910 429 1963 quarum
445 1909 507 1962 pars
525 1910 624 1960 magna
640 1909 657 1944 a
675 1891 739 1945 seris
760 1892 933 1962 barbarisque
949 1909 997 1947 na-

71 1962 187 2016 tionibus
210 1961 339 2030 incolitur,
358 1980 394 2015 ex
416 1961 513 2032 quibus
536 1972 598 2015 sunt
621 1963 667 2032 qui
690 1961 811 2033 piscibus
833 1970 916 2031 atque
939 1962 998 2016 oris

70 2032 164 2154 aspum
178 2031 270 2084 vivere
286 2031 489 2101 existimantes
502 2031 648 2100 multisque
660 2031 802 2100 capitibus·
816 2032 844 2086 in
857 2032 997 2087 Oceanum

71 2101 98 2154 io
120 2100 167 2154 uit.

109 2176 149 2223 11.
168 2170 266 2223 Caesar
283 2185 347 2222 cum
364 2168 399 2223 ab
417 2168 494 2223 hoste
511 2186 564 2223 non
577 2169 694 2239 amplius
712 2185 841 2239 passuum
857 2186 909 2224 111.
927 2169 998 2223 mili·

70 2240 123 2294 bus
139 2239 255 2308 abesset,
268 2247 298 2292 ut
315 2246 371 2292 erat
388 2238 570 2309 constitutum,
583 2239 618 2291 ad
636 2256 701 2293 eum
718 2239 800 2308 legati
815 2248 996 2308 revertuntur3

70 2309 116 2378 qni
135 2309 162 2362 in
176 2308 271 2362 itinere
287 2310 423 2431 conpressi
436 2324 599 2378 magnopere
613 2325 648 2362 ne
663 2308 776 2376 longius
785 2306 995 2378 progrederetur,

69 2379 190 2433 orabant.
226 2379 295 2431 Cum
319 2378 328 2430 i
371 2394 424 2431 non
448 2377 644 2448 impetrassent,
665 2377 801 2448 petebant,
825 2378 864 2430 uti
888 2377 924 2432 ad
949 2393 997 2431 eos

99 2549 108 2578 ¹
121 2544 210 2597 Verum
225 2545 246 2595 is
263 2545 406 2595 sometimes
422 2544 484 2594 used
502 2545 528 2593 in
543 2545 585 2593 the
601 2560 673 2593 sense
684 2545 713 2593 ol
728 2545 900 2604 ‘consistent,'
913 2561 941 2595 or
956 2545 997 2595 ‘in

69 2607 216 2656 accordance
228 2605 289 2655 with
300 2606 342 2655 the
353 2614 439 2654 nature
450 2605 478 2653 os
485 2604 595 2666 things.'’

97 2682 109 2711 ¹
118 2681 210 2728 Caesar
220 2679 291 2729 could
302 2679 407 2740 promise
419 2679 471 2726 that
480 2677 511 2726 he
518 2677 600 2726 would
610 2676 739 2726 command
749 2677 791 2726 the
801 2676 870 2735 Ubii,
879 2679 995 2737 because,

68 2755 97 2787 as
108 2755 146 2808 we
157 2740 223 2788 leam
234 2739 297 2787 from
307 2737 377 2799 chap.
391 2741 428 2794 16,
441 2736 531 2786 hebed
546 2736 663 2797 hostages
673 2736 702 2785 os
714 2736 757 2790 the
769 2736 828 2785 Ubii
843 2738 868 2785 in
884 2737 924 2786 his
939 2752 985 2798 pos

68 2814 173 2920 ”endiis
184 2870 257 2920 Mosa
268 2870 289 2919 is
300 2869 342 2918 the
353 2867 454 2918 modern
464 2867 528 2916 river
538 2867 636 2926 Mense,
649 2867 730 2917 which
741 2867 846 2928 empties
861 2868 933 2918 itself
945 2869 997 2919 into

69 2931 112 2981 the
123 2931 188 2980 maio
199 2945 251 2978 arm
262 2928 290 2976 os
302 2928 343 2976 the
360 2927 442 2976 Rhine
453 2936 478 2975 at
490 2927 623 2986 Worltum,
636 2927 717 2976 which
728 2927 749 2977 is
760 2928 839 2977 called
850 2927 926 2977 Waal
937 2927 995 2987 tva·

69 2991 149 3047 halis),
162 2989 243 3039 below
255 2987 404 3048 Nimegueu.

98 3064 173 3113 ⁴'l'he
184 3061 314 3111 indicative
326 3062 495 3110 existimantur
505 3060 526 3109 is
537 3060 595 3109 here
606 3061 676 3119 used,
689 3063 795 3111 because
806 3060 848 3109 the
881 3061 997 3123 recedicg

69 3132 127 3171 aaut
137 3125 181 3184 qoi
190 3123 211 3171 is
222 3121 362 3181 equivalent
378 3130 404 3168 to
418 3120 602 3188 noscuntand
613 3120 673 3169 does
690 3131 732 3168 not
748 3135 843 3180 convey
853 3076 897 3170 the
912 3121 995 3170 notion

69 3181 98 3229 os
104 3197 119 3229 a
127 3181 221 3288 qnniitp
232 3181 257 3229 in
268 3180 338 3229 those
349 3179 445 3248 natioqs
456 3178 509 3247 that
520 3179 599 3239 might
611 3178 666 3226 lead
676 3188 702 3227 to
711 3179 754 3228 the
765 3178 843 3228 belief
848 3194 855 3239 ς
868 3179 890 3230 is
897 3181 940 3230 the
951 3180 994 3230 lat·

69 3247 107 3287 ter
118 3255 182 3288 were
194 3251 203 3288 t
221 3256 235 3288 e
246 3255 311 3297 csse,
324 3239 367 3288 the
377 3241 532 3298 subjunctive
543 3237 625 3286 would
636 3238 697 3286 have
709 3240 772 3287 been
781 3239 850 3288 used.

31 3356 42 3379 Ι
95 3312 108 3338 ’
115 3310 204 3371 Capita
211 3312 260 3361 liae
267 3312 328 3361 here
340 3312 382 3361 tbe
392 3310 508 3373 meaning
518 3309 547 3360 of
552 3312 624 3369 catio,
636 3325 664 3359 or
674 3310 782 3361 mouths.
