2146 3704
463 122 554 162 uranx
575 123 594 162 1.
945 97 992 156 25

69 230 232 285 mantaledis
261 231 322 300 filio,
346 230 475 302 Sequano,
494 232 572 301 cujus
590 241 667 303 pater
687 249 799 300 regnum
816 232 845 289 in
864 232 994 302 Seqwnia

71 300 169 360 multos
188 317 272 352 annos
290 301 439 354 obtinuerat
460 311 487 354 et
505 319 522 354 a
541 312 635 355 senatu
654 302 744 371 populi
763 302 875 354 Romani
889 302 994 356 amicus

56 371 222 440 appellatus
234 379 296 440 erat,
308 380 336 424 ut
346 388 457 439 reguum
467 371 493 423 in
502 371 611 424 civitate
620 388 669 423 sua
678 379 828 440 occuparet,
838 371 909 439 quod
918 384 994 441 pater

67 449 132 510 apte
150 439 280 492 habuerat
287 457 295 509 3
318 441 438 510 itemque
462 441 616 508 Dumnorigi
641 439 744 509 Aeduo,
764 439 837 492 fratri
860 441 993 512 Divitiaci,

68 509 115 579 qui
134 526 166 562 eo
185 521 304 579 tempore
322 511 502 580 principatum
521 511 548 562 in
560 510 669 562 civitate
681 509 818 562 obtinebat
830 526 863 562 ac
874 511 994 564 maxime

68 578 142 650 plebi
154 591 283 648 acceptus
295 588 359 648 erat,
373 588 402 632 ut
416 578 488 632 idern
502 587 648 650 conaretur,
662 579 806 649 persuadet
819 579 843 632 ei
863 596 899 632 ue
911 579 995 634 filiam

69 664 147 701 suam
161 649 186 700 in
199 648 399 702 matrimonium
411 648 466 701 dat.
502 647 635 702 Perfacile
655 650 728 702 lactu
749 666 810 701 esse
830 596 883 702 idn
901 649 995 719 probat

68 726 165 771 conata
177 717 314 787 perlicere,
327 732 465 788 propterea
477 719 548 788 quod
561 719 619 788 ipse
634 735 698 772 suae
717 718 834 771 civitatis
852 719 994 789 imperium

68 787 228 840 obtenturus
240 795 326 841 esset:
346 805 398 840 non
411 797 471 840 esse
483 788 604 857 dubium,
618 789 683 857 quin
699 789 779 841 totius
790 787 904 842 Galliae¹
915 789 993 860 pluri·

69 873 147 913 mum
156 856 272 909 Helvetii
281 866 388 926 possent
394 874 402 926 ;
415 874 444 909 se
453 857 508 910 suis
516 858 609 928 copiis²
616 875 717 927 suoque
725 858 843 911 exercitu
853 859 996 928 illisregna

69 927 275 978 conciliaturum
287 926 433 979 confirmat.
460 927 518 980 Hac
530 928 646 980 oratione
658 927 778 982 adducti
789 929 858 982 inter
870 946 900 982 se
912 929 996 982 fidem

70 1004 99 1048 et
110 996 296 1066 jusjurandum
308 995 373 1048 dant
385 1005 411 1049 et
424 1014 504 1065 regno
517 1006 646 1066 occupato
661 1015 709 1066 per
726 1006 781 1050 tres
798 998 997 1068 potentissimos

69 1082 104 1118 ac
116 1065 283 1119 firmissimos
294 1082 328 1134 po
350 1066 407 1118 ulos
418 1067 498 1119 totius
510 1067 613 1119 Galliae
626 1083 687 1120 sese
699 1066 775 1137 potiri
788 1083 866 1137 posse
879 1075 996 1136 sperant.

106 1141 133 1188 4.
152 1135 194 1188 Ea
212 1150 258 1196 reass
273 1145 314 1187 est
358 1136 463 1188 elvetiis
481 1153 528 1206 per
546 1137 672 1190 indicium
692 1137 839 1190 enuntiata.
874 1137 997 1191 Moribus

70 1205 129 1257 mis
141 1204 322 1272 Orgetorigem
335 1222 370 1258 ex
379 1205 492 1258 vinculis
503 1223 612 1259 causam
626 1206 716 1259 dicere
728 1208 892 1274 coegerunt.⁴
916 1208 998 1260 Darn-

71 1282 166 1328 natum
178 1290 291 1344 poenam
305 1275 381 1344 sequi
395 1275 539 1344 oportebat,
553 1283 582 1327 ut
598 1272 651 1342 igni
664 1283 836 1328 cremaretur.
873 1275 923 1328 Die
936 1292 998 1329 con·

71 1344 175 1398 oritura*
186 1361 284 1396 causae
297 1344 422 1396 dictionis
431 1344 568 1410 Orgetorix
587 1343 622 1395 ad
640 1343 773 1411 judicium
792 1360 901 1396 omnem
919 1361 998 1398 suam

52 1412 261 1482 ‘familiamsad
273 1412 411 1467 hominurn
424 1413 500 1465 milia
511 1413 616 1481 decern,
628 1411 746 1480 undique
759 1412 854 1482 coegit,
864 1420 891 1465 et
903 1429 998 1468 omncs

71 1483 186 1536 clientes
202 1482 395 1552 obaeratosque
409 1499 478 1552 suos,
492 1498 606 1552 quorum
617 1499 746 1550 magnum
758 1498 902 1535 numerum
914 1481 998 1537 habe-

71 1551 126 1623 bat,
139 1551 237 1605 eodem
255 1552 396 1605 conduxit:
415 1569 463 1622 per
478 1569 532 1621 eos,
545 1568 580 1604 ne
593 1569 702 1604 causam
716 1551 825 1620 diceret,
839 1568 869 1604 se
881 1551 997 1622 eripuit!

71 1621 140 1675 Cum
161 1622 257 1675 civitas
275 1622 310 1674 ob
331 1639 392 1674 eam
413 1638 470 1674 rem
491 1621 599 1675 incitata
618 1622 701 1673 armis
720 1620 763 1690 jus
784 1638 862 1674 suum
884 1622 997 1692 exsequi

70 1699 219 1761 conaretur,
241 1691 496 1760 multitudinemque
518 1690 657 1744 hominum
678 1708 713 1744 ex
733 1689 803 1759 agris
825 1691 998 1760 magistratus

71 1769 206 1830 cogerent,
227 1761 364 1830 Orgetorix
386 1770 507 1814 mortuus
530 1769 586 1830 est,
611 1777 700 1830 neque
724 1762 801 1814 abest
822 1761 945 1834 suspicio,
966 1770 997 1816 ut

70 1829 190 1883 Helvetii
202 1831 367 1900 arbitrantur,
380 1831 447 1900 quin
459 1831 516 1952 ipse
529 1831 579 1884 sibi
591 1840 705 1884 mortem
719 1830 886 1884 consciverit.

106 1904 133 1952 5.
151 1900 214 1952 Post
231 1900 292 1970 ejus
309 1910 422 1953 mortem
440 1902 467 1953 ni
490 1901 524 1952 ilo
536 1902 625 1954 minus
637 1901 755 1953 Helvetii
768 1901 803 1970 id,
816 1900 889 1969 quod
900 1900 997 1953 consti·

71 1977 185 2039 inerant,
199 1968 288 2022 facere
301 1971 446 2041 conantur,⁷
458 1980 487 2022 ut
500 1988 515 2023 e
526 1971 626 2024 finibus
644 1971 700 2023 sais
718 1971 835 2023 exeant.⁸
869 1970 923 2024 Ubi
939 1969 997 2040 jam

100 2128 109 2156 ¹
122 2125 206 2175 Totius
220 2126 315 2174 Galliae
325 2143 381 2187 may
392 2129 422 2174 be
434 2127 508 2174 taken
519 2127 598 2175 either
609 2127 633 2174 in
644 2127 685 2174 the
699 2142 771 2174 sense
782 2126 810 2174 ol
821 2128 925 2174 munium
938 2127 996 2175 Gal·

69 2188 157 2257 loram,
170 2202 196 2258 or
207 2186 225 2233 it
236 2202 295 2256 may
304 2188 334 2233 be
346 2187 474 2246 explained
485 2189 518 2246 by
527 2187 568 2258 tlre
580 2187 672 2292 ellbplsis
684 2185 857 2256 oslpopulorum
863 2202 874 2242 ,·
887 2186 995 2247 namely,

69 2255 215 2307 quantotius
227 2246 322 2294 Gutture
328 2249 469 2308 populorum
476 2249 607 2308 plorantum
645 2248 725 2294 eloam
731 2254 838 2307 possent.

98 2320 110 2349 ²
122 2319 209 2382 Copiae
219 2319 277 2368 here
288 2320 397 2380 signifies
409 2335 543 2376 resources,
557 2319 681 2378 including
692 2318 783 2365 wealth
794 2317 841 2365 and
852 2318 980 2366 influence.

100 2393 237 2453 'Namely,
257 2393 380 2448 Camicus,
401 2393 546 2447 Dumnorix,
567 2391 613 2439 and
635 2390 775 2458 Orgetorix,
792 2390 853 2436 each
869 2389 897 2437 of
913 2390 997 2439 whom

70 2451 160 2512 hoped,
173 2453 206 2512 by
217 2468 301 2500 means
312 2453 341 2501 of
353 2452 401 2500 this
412 2451 564 2510 conspiracy,
577 2460 603 2497 to
614 2451 698 2497 obtain
713 2448 779 2508 regal
795 2462 879 2508 power
889 2464 947 2497 over
957 2449 996 2498 his

70 2527 128 2560 own
138 2520 307 2572 countrymen.

100 2585 187 2633 ‘That
198 2586 228 2642 is,
242 2586 283 2633 the
311 2584 422 2633 declared
440 2582 491 2630 tlrat
507 2582 538 2630 he
555 2591 620 2630 must
636 2597 725 2642 appear
735 2581 760 2629 in
771 2590 848 2637 court,
861 2582 909 2630 and
923 2581 997 2631 malie

70 2644 114 2753 phiq
121 2644 258 2764 qeaqucfehiirsr
268 2602 362 2752 tcddlns’
376 2645 412 2691 lor
423 2643 453 2691 he
465 2657 547 2690 seems
559 2652 584 2690 to
595 2642 657 2690 have
668 2643 732 2690 been
744 2641 787 2690 lest
798 2652 823 2690 at
834 2642 924 2703 liberty
934 2642 997 2691 until

100 2779 166 2827 ⁵Die
177 2781 307 2827 constituta
318 2778 339 2826 is
349 2777 391 2825 the
403 2777 508 2825 ablativo
520 2776 548 2825 oi
555 2776 624 2834 time,
636 2775 684 2824 and
694 2785 736 2824 not
748 2791 779 2825 an
789 2775 863 2824 ablat.
875 2775 996 2824 absolute.

99 2853 159 2902 ‘Ha
170 2853 241 2902 made
252 2852 290 2901 his
301 2867 396 2911 escape.

97 2927 184 2976 'This
200 2927 284 2976 shows
295 2926 346 2973 that
358 2925 400 2972 the
417 2923 526 2972 Helvetii
541 2932 607 2971 must
623 2922 685 2970 have
701 2922 750 2971 had
765 2921 835 2970 other
850 2934 950 2969 reasons
960 2918 997 2968 lor

69 2987 183 3048 wanting
192 2996 219 3034 to
230 2987 282 3046 quit
294 2986 357 3033 their
368 2994 470 3044 country
481 2984 578 3031 besides
590 2983 631 3030 the
643 2998 709 3030 mero
720 2982 798 3029 desire
810 2979 838 3027 oi
847 2979 985 3039 Orgetorix.

99 3060 177 3109 ⁸The
192 3059 273 3108 words
288 3068 316 3106 ot
332 3077 344 3106 c
353 3060 446 3120 finibus
461 3059 514 3105 aava
531 3065 622 3112 exeant,
640 3070 680 3103 are
696 3054 809 3114 properly
824 3052 995 3112 superducam

68 3121 132 3182 they
143 3120 240 3169 contain
251 3119 308 3179 only
319 3118 361 3166 the
373 3118 528 3176 explanation
538 3116 567 3164 of
574 3115 615 3163 the
627 3113 707 3161 words
717 3115 750 3181 id,
760 3115 822 3174 qood
828 3129 839 3169 ,·
852 3114 895 3177 bnt
904 3111 996 3175 Cpespr

69 3182 92 3232 is
103 3179 162 3229 lond
174 3179 200 3227 ol
209 3178 270 3231 such
281 3177 424 3238 apparently
435 3190 600 3236 unneoessary
611 3173 796 3249 explanatione.
829 3175 833 3184 ‘

515 3254 529 3287 c
644 3249 652 3258 ,
