2146 3704
476 119 569 162 mun
587 120 609 162 r.
828 152 848 163 -
962 102 1003 163 51

81 219 182 278 tissent.
218 221 315 294 Populi
327 223 439 279 Romani
456 226 526 282 hano
545 245 605 281 esse
622 228 855 299 consuetudinem,
869 235 900 282 ut
916 229 1004 284 socios

78 299 158 361 atque
174 292 279 347 amicos
296 309 348 347 non
360 296 439 349 rnodo
451 298 493 350 sui
506 297 571 351 nihil
583 297 739 367 deperdere,
752 297 800 350 sed
810 297 908 378 gratia,
917 299 1003 380 angni-

78 369 140 430 tate,
162 360 262 415 honore
285 364 417 418 auctiores
437 365 501 419 velit
521 383 596 419 esse:
621 367 692 436 quod
713 383 776 420 vero
796 367 832 420 ad
855 366 1013 423 amrcrnam‘

77 429 168 500 populi
179 432 293 486 Romani
303 432 472 505 adtulissent,
485 436 513 488 id
525 436 557 488 iis
575 436 640 506 eripi
652 436 713 505 quis
728 435 785 506 pati
801 437 910 506 possetl
939 439 1002 491 Poe·

78 500 285 554 tulavitdeinde
293 502 398 574 eadem,
408 521 478 573 qnae
491 505 588 573 legatis
596 505 624 558 in
636 505 770 559 mandatis
781 505 900 575 dederat,
909 523 943 559 ne
955 514 1003 560 aut

78 569 189 641 Aeduis,
202 580 250 624 ant
268 588 362 626 eorum
381 575 462 627 sociis
479 574 580 628 bellurn
601 574 725 645 inferret;
743 575 851 629 obsides
862 575 986 629 redderet

80 639 102 691 si
118 639 222 694 nullam
238 649 342 712 partem
357 644 553 697 Germanorum
568 643 679 698 domurn
697 646 834 698 remittere
851 653 949 717 posset,
965 647 1003 698 at*

77 724 111 761 ne
122 725 192 780 quos
203 710 320 781 amplius
330 713 456 767 Rhenum
469 714 579 767 transire
591 723 735 783 pateretur.

109 783 155 831 44.
175 780 327 835 Ariovistus
346 781 381 835 ad
403 782 536 853 postulata
553 784 675 838 Caesaris
695 801 783 854 pauca
802 783 945 855 respoudit,
966 784 1002 838 de

77 847 134 900 onis
157 848 301 904 virtutibus
325 851 411 905 multa
434 852 612 922 praedicavit:
639 855 767 908 transisse
790 853 916 908 Rhenum
939 870 1001 907 sese

76 933 129 970 non
142 935 192 970 sna
204 928 306 990 sponte,
320 921 368 974 sed
382 931 504 991 rogatum
515 932 542 976 et
554 925 713 977 arcessitum
726 941 743 977 a
754 923 840 977 Gallis
846 940 854 994 5
872 940 925 978 non
943 923 1001 977 sine

75 1002 175 1056 magna
193 1006 242 1059 spe
260 1008 287 1044 rn
343 991 420 1061 isque
438 993 563 1062 praemiis
580 993 692 1047 domurn
709 995 922 1064 propinquosque
941 992 1001 1046 reli·

76 1057 167 1124 quisse
174 1073 183 1126 ;
207 1007 408 1114 sedesaiibere
428 1063 455 1115 in
475 1062 562 1116 Gallia
582 1064 617 1117 ab
637 1063 703 1134 ipsis
722 1079 872 1133 concessas,
893 1061 1002 1116 obsides

76 1125 195 1196 ipsorum
207 1129 343 1183 voluntate
361 1130 453 1201 datos3
471 1132 636 1203 stipendium
654 1150 751 1204 capere
766 1132 827 1203 jure
844 1131 916 1202 belli,
929 1130 1001 1202 quod

76 1195 192 1249 victores
216 1198 295 1252 victis
318 1200 444 1271 inponere
470 1202 631 1255 consuerint.
666 1204 727 1256 Non
751 1219 811 1256 sese
835 1202 926 1272 Gallis,
951 1199 1001 1256 sed

76 1263 168 1318 Gallos
187 1267 241 1322 sibi
259 1268 362 1323 bellurn
382 1270 519 1340 intulisse;
541 1288 636 1324 ornnes
653 1272 757 1326 Galliae
775 1271 898 1324 civitates
914 1268 950 1323 ad
970 1287 1001 1323 so

76 1337 285 1406 oppugnandum
295 1340 401 1392 venisse
413 1357 446 1392 ac
455 1349 545 1392 contra
555 1357 584 1393 se
593 1349 680 1392 castra
691 1339 830 1393 habuisse:
847 1356 895 1392 eae
906 1355 1002 1392 omnes

76 1406 167 1475 eopias
178 1423 195 1458 a
208 1424 237 1460 se
250 1425 302 1461 uno
320 1409 419 1478 proelio
438 1409 530 1479 pulsas
547 1425 580 1461 ae
598 1417 739 1479 superatas
756 1425 826 1460 esse.
862 1408 890 1460 Si
903 1408 1001 1487 iterum

76 1489 109 1527 ex
146 1475 191 1528 riri
204 1477 294 1547 velint,
308 1495 338 1531 se
351 1479 449 1532 iterum
461 1487 584 1549 paratum
596 1495 657 1531 esse
675 1478 813 1530 decertare
821 1493 829 1546 ;
848 1475 871 1530 si
883 1493 949 1547 pace
962 1483 1002 1531 utt

67 1558 108 1596 ue
120 1544 166 1616 int,
176 1546 300 1616 iniquum
309 1566 369 1602 esse
382 1549 417 1602 de
426 1548 568 1617 stipendio²
579 1565 710 1618 recusare,
723 1547 795 1617 quod
807 1563 856 1599 sua
864 1545 1001 1626 voluntate

75 1613 155 1667 adid
175 1623 284 1687 tempus
306 1618 492 1688 pependerint.
528 1618 686 1672 Amicitiam
705 1616 795 1688 populi
811 1616 924 1670 Romani
948 1615 1001 1668 srbr

75 1695 230 1750 ornamento
249 1695 276 1739 et
291 1688 430 1758 praesidio,
443 1704 495 1741 non
510 1687 670 1740 detrimento
688 1704 748 1740 esse
766 1695 893 1756 oportere,
910 1683 1001 1754 idque·

75 1768 104 1804 se
117 1769 150 1806 ea
165 1771 214 1825 epe
232 1757 342 1826 petisse.
378 1758 464 1829 siper
481 1756 611 1827 populum
622 1757 771 1812 Romanum
785 1755 948 1826 stipendium
961 1771 1001 1807 re-

75 1821 196 1877 mittatur
219 1837 246 1879 et
266 1826 384 1880 dediticii
405 1827 600 1896 subtrahantur,
622 1844 674 1881 non
694 1827 785 1881 minus
804 1825 919 1879 libenter
938 1841 999 1895 sese

74 1903 262 1949 recusaturum
271 1897 361 1966 populi
370 1897 483 1951 Romani
492 1897 646 1968 amicitiam,
659 1915 742 1967 quarn
750 1895 906 1970 appetierit]
922 1893 1000 1975 Quod

74 1961 276 2019 multitudinem
297 1967 491 2020 Germanorum
510 1968 537 2019 in
556 1966 675 2020 Galliam
697 1967 826 2035 traducat,
848 1963 876 2018 id
900 1981 930 2016 se
954 1980 997 2016 sur

73 2032 223 2104 muniendi,
242 2052 296 2089 non
315 2037 419 2089 Galliae
436 2036 634 2107 impugnandae
652 2053 735 2089 cansa
753 2035 858 2088 iacere:
880 2033 940 2156 equs
961 2032 1000 2085 rei

74 2101 227 2156 testimonio
239 2121 307 2176 esse,
340 2106 392 2159 uod
405 2106 456 2159 nisi
469 2119 575 2174 rogatus
586 2123 638 2158 non
647 2106 759 2175 venerit,
773 2113 800 2157 et
812 2103 883 2174 qnod
915 2101 1000 2155 ellum

73 2185 126 2224 non
146 2172 272 2244 intulerit,
292 2123 340 2228 sei
361 2175 520 2229 defenderit.
557 2175 591 2228 Se
611 2175 684 2244 prius
704 2175 729 2227 iu
748 2174 864 2227 Galliam
882 2172 999 2243 venisse,

73 2247 155 2307 quarn
167 2243 297 2314 populum
309 2246 470 2299 Romanum.
504 2246 652 2314 Nunquam
664 2252 727 2297 ante
739 2243 789 2296 hoc
802 2250 911 2312 tempus
922 2257 997 2320 exer·

73 2311 158 2364 eitum
170 2313 261 2384 populi
273 2315 385 2368 Romani
396 2315 500 2368 Galliae
512 2314 664 2382 provinciae
673 2314 742 2366 fines
754 2328 902 2380 egressum.
912 2310 920 2382 J
927 2308 1000 2369 Quid

72 2379 134 2434 sibi⁴
146 2381 235 2454 vellet,
245 2400 292 2437 cur
301 2385 328 2437 in
337 2401 401 2437 snas
408 2384 592 2454 possessiones
600 2382 721 2435 venireti
745 2380 912 2434 Provinciam
921 2396 999 2433 snam

101 2596 176 2647 Ι’ῙἾιο
187 2599 301 2659 meaning
312 2599 340 2647 os
350 2606 375 2646 at
390 2592 448 2646 here
459 2596 480 2645 is
491 2595 579 2644 almost
590 2595 632 2644 the
643 2610 710 2643 same
722 2610 748 2642 as
759 2596 851 2650 soltus,
866 2597 905 2642 ‘at
917 2593 996 2643 least.¹

99 2685 110 2714 ¹
120 2684 213 2734 Caesar
221 2685 245 2733 in
254 2685 292 2733 his
303 2685 421 2735 demands
432 2684 480 2733 had
490 2683 560 2732 made
572 2699 603 2731 no
614 2682 718 2731 allusion
728 2691 753 2730 to
765 2682 806 2730 the
817 2683 961 2744 stipendium
971 2698 999 2731 or

70 2743 175 2802 tribute3
190 2747 234 2794 bnt
243 2745 281 2793 his
291 2744 437 2805 demanding
442 2745 583 2793 Ariovistus
592 2753 617 2792 to
628 2752 719 2791 restore
731 2743 777 2811 the·
784 2742 907 2804 hostages‚
915 2743 998 2791 would

70 2800 133 2850 heve
150 2803 265 2863 deprived
276 2805 417 2853 Ariovistus
428 2804 456 2852 of
468 2806 509 2852 the
526 2818 610 2851 means
626 2802 654 2850 of
665 2802 813 2862 compelhng
824 2801 864 2850 the
878 2801 955 2849 Ganls
971 2811 998 2850 to

68 2875 117 2967 ¹qap
128 2861 156 2910 it.
187 2863 272 2911 Hence
283 2864 325 2913 the
336 2864 486 2923 expression,
499 2867 528 2912 de
537 2865 656 2926 stipendio
667 2879 783 2918 recusare,
796 2861 844 2909 and
854 2871 895 2908 not
905 2862 995 2921 stipen-

86 2938 136 2968 rum
147 2939 262 2971 recusare.

68 3049 86 3100 h
98 2992 211 3101 'v'el'qqdid
221 2994 265 3043 hos
277 3010 368 3044 umore
378 2995 477 3058 general
487 2995 602 3055 meaning
612 2994 672 3043 than
687 2993 729 3042 the
745 2991 860 3042 feminina
876 3008 903 3039 eo
913 2991 996 3042 would

86 3067 102 3100 a
193 3088 199 3102 .

98 3123 173 3173 ‘The
183 3127 231 3174 seii
240 3125 316 3176 refers
326 3135 352 3176 to
361 3127 460 3177 Caesar.
491 3126 547 3175 The
560 3125 673 3194 meaning
683 3124 717 3173 ier
735 3122 800 3191 what
809 3138 861 3174 was
872 3121 910 3174 his
922 3123 984 3184 (Cau

68 3182 143 3238 sor’s)
153 3185 234 3246 object
245 3185 271 3235 in
280 3187 378 3249 coming
388 3187 438 3237 into
449 3186 488 3236 his
500 3185 670 3245 (Ariorutns’t
680 3197 846 3248 possessione,
