2146 3704
56 200 98 264 'lb
358 222 399 264 aa
420 223 518 265 senno
539 224 675 267 asnnrco.

93 337 135 387 at.
155 331 260 387 Eodem
271 332 393 405 ternpore
409 334 514 405 equites
530 336 612 390 nostri
628 335 749 407 levisque
766 342 915 391 annaturae
932 352 980 410 pe·

56 401 135 473 dites,
153 403 199 473 qui
217 418 280 458 curn
300 404 400 458 iieuna
419 405 531 476 luerent,
550 421 617 474 quos
639 405 723 477 primo
740 405 856 461 hostiurn
875 407 981 478 impetu
1006 412 1012 421 ’

56 473 148 544 pulsos
159 473 287 544 dixeram,
301 491 365 529 cum
376 491 406 528 se
418 475 445 527 in
458 485 545 529 castra
556 476 712 545 reciperent,
725 476 845 530 adversis
860 475 982 532 hostibus

55 543 239 597 occurrebant¹
257 560 290 598 ac
309 560 399 598 rursus
417 544 501 598 aliam
519 545 547 598 in
564 557 669 615 partem
687 545 780 614 lugam
798 546 934 616 petebant,
953 555 982 602 et

56 611 172 683 calones,
186 614 231 683 qui
242 614 278 668 ab
289 613 441 668 decumana
452 614 536 684 porta¹
546 631 579 667 ac
597 630 702 668 summo
712 615 775 685 jugo
787 615 864 669 collis
879 625 983 670 nostres

57 682 171 736 victores
179 683 283 736 flumen
294 683 405 737 transire
413 693 614 754 conspexerant,
624 684 769 755 praedendi
778 701 860 738 causa
872 687 981 766 egressi,

56 767 120 806 oum
137 752 317 823 respexissent
329 763 358 807 et
371 755 463 807 hostes
475 755 503 807 in
513 754 610 807 nostris
625 753 719 807 castris
730 755 830 807 versari
842 754 981 826 vidissent,

56 822 217 902 praecipites
237 821 317 891 fugae
337 839 398 875 sese
416 823 590 876 mandabant.
626 823 830 893 Simulacrum,
851 824 898 894 qui
918 841 983 879 cum

57 891 261 961 impedimentis
273 892 425 960 veniebant,
438 891 539 945 clamor
551 892 726 963 fremitusque
738 892 871 947 oriebatur
882 893 937 948 alii,
947 910 982 947 ue

56 959 140 1014 eliam
152 961 180 1013 in
191 968 296 1029 partem
308 961 439 1031 perterriti
451 960 613 1015 ferebantur.
649 961 752 1021 Quibus
766 962 890 1016 omnibus
902 911 983 1017 rebus

56 1030 171 1100 permoti
191 1029 297 1099 equites
315 1031 425 1099 Treviri,
444 1048 559 1100 quorum
575 1031 645 1085 inter
662 1032 754 1085 Gallos
770 1031 876 1085 nautis
893 1033 982 1103 opinio

57 1107 98 1153 est
111 1099 258 1169 singularis,
272 1101 317 1170 qui
329 1101 422 1154 auxilii
434 1117 516 1154 causa
526 1101 562 1154 ab
579 1101 689 1155 civitate
701 1101 735 1154 ad
748 1101 894 1156 Caesarem
905 1102 982 1156 missi

56 1178 194 1241 venerant,
216 1187 279 1223 cum
298 1170 469 1224 multitudine
489 1170 607 1224 hostium
626 1179 714 1224 castra
733 1180 824 1224 nostra
842 1171 981 1243 compleri,

56 1247 161 1320 nostras
175 1239 295 1308 legiones
312 1240 399 1309 premi
410 1248 437 1302 et
449 1256 536 1310 paene
548 1239 746 1294 circumventas
758 1240 851 1311 teneri,
864 1241 981 1312 salonas,

56 1317 169 1378 equites,
183 1308 337 1379 funditores,
349 1310 491 1378 Numidas,
504 1309 624 1362 diversos
635 1309 831 1380 dissipatosque
846 1311 876 1363 in
888 1328 984 1365 omnes

57 1386 147 1448 partes
163 1379 256 1448 lugere
267 1378 405 1449 vidissent,
418 1379 566 1449 desperatis
583 1380 679 1433 nostris
696 1379 777 1433 rebus
794 1379 907 1433 domum
921 1397 982 1435 oon·

57 1449 214 1502 tenderunt:
233 1449 367 1503 Romanos
383 1449 475 1519 pulsos
486 1456 685 1530 superatosque,
698 1448 793 1502 castris
804 1447 982 1520 impedimen·

56 1517 144 1588 tisque
156 1535 250 1572 eorum
261 1518 353 1573 hostes
364 1520 461 1589 potitos
472 1518 574 1572 civitati
586 1519 812 1572 renuntiaverunt.

92 1593 135 1641 25.
153 1588 252 1642 Caesar
270 1588 306 1642 ab
323 1588 447 1642 decimae
464 1587 577 1657 legionis
597 1587 785 1641 cohortatione⁸
801 1586 836 1640 ad
854 1588 982 1643 dextrum

56 1672 137 1710 cornu
157 1658 300 1728 profectus,
320 1657 367 1712 ubi
390 1674 453 1711 suos
474 1658 562 1726 urgeri
585 1657 721 1728 signisque
740 1657 768 1710 in
787 1673 874 1710 unum
892 1657 983 1714 locum

56 1725 161 1781 collatis
183 1726 362 1781 duodecimae
381 1727 494 1797 legionis
513 1725 645 1781 consertos
664 1727 764 1780 milites
784 1726 834 1780 sibi
853 1727 926 1798 ipsos
947 1726 982 1781 ad

56 1811 175 1866 pugnem
194 1814 256 1851 esse
276 1796 471 1877 impedimento
490 1796 565 1866 vidit,
586 1805 697 1866 quartae
722 1796 838 1850 cohortis
857 1796 982 1851 omnibus

55 1866 255 1920 centurionibus
266 1868 362 1919 occreis
374 1864 552 1935 signiferoque
565 1865 713 1936 interfecto,
727 1866 803 1935 signo
820 1866 928 1932 amisso,
941 1883 981 1920 re·

55 1933 190 2003 liquatum
207 1935 357 1989 cohortium
373 1935 497 1989 omnibus
512 1934 569 1988 sere
587 1935 784 1989 centurionibus
801 1943 847 1989 aut
861 1934 982 1993 vulnera·

56 2002 91 2057 tis
107 2011 154 2056 eut
171 2004 276 2074 occisis,
295 2003 321 2056 in
341 2002 383 2057 his
400 2003 477 2074 primi
498 2003 542 2056 ilo‘
560 2004 591 2058 P.
605 2003 695 2058 Sextio
712 2004 818 2075 Baculo,
837 2005 981 2059 fortissimo

55 2072 119 2144 viro,
137 2073 228 2128 multis
245 2073 424 2142 gravibusque
486 2071 593 2126 neribus
610 2073 740 2144 conlecto,
756 2082 785 2128 ut
801 2073 858 2145 jem
875 2091 906 2127 se
924 2091 981 2128 sus·

54 2142 140 2196 tinere
157 2160 209 2197 non
222 2150 320 2212 posset,
333 2142 447 2212 reliquos
463 2159 524 2196 esse
536 2141 674 2213 tardiores,
688 2152 715 2197 et
731 2143 871 2198 nonnullos
887 2142 924 2199 ab
936 2159 981 2197 no·

53 2212 174 2267 cissimis
190 2211 298 2266 deserto
316 2211 417 2283 proelio
429 2212 560 2267 excedere
572 2228 606 2266 ac
618 2212 673 2266 tela
683 2213 775 2284 vitare,
789 2212 881 2267 hostes
891 2229 981 2284 neque

53 2297 71 2335 a
82 2280 169 2335 fronte
181 2299 217 2337 ex
229 2280 353 2336 inferiore
363 2282 423 2336 loco
435 2283 581 2337 subeuntes
594 2282 770 2337 intermittere
783 2290 810 2336 et
822 2281 858 2336 ab
868 2292 981 2354 utroque

53 2349 138 2406 latere
150 2352 259 2424 instare,
272 2361 301 2406 et
312 2369 372 2406 rem
383 2369 444 2406 esse
456 2353 485 2406 in
498 2360 611 2421 angusto
622 2351 696 2424 vidit,
708 2369 798 2423 neque
814 2351 901 2406 ullum
918 2368 981 2407 esse

80 2549 168 2599 ¹'rhst
184 2548 215 2606 is,
228 2565 255 2598 ae
271 2548 332 2610 they
341 2547 442 2598 entered
456 2547 498 2597 tha
515 2563 594 2608 camp,
612 2546 672 2609 they
686 2562 739 2597 saw
753 2544 836 2596 before
852 2546 923 2596 them
937 2545 981 2597 tha

51 2609 169 2667 artemiae,
181 2609 239 2657 who
248 2625 314 2657 were
325 2608 424 2669 already
434 2608 460 2657 in
471 2607 512 2656 the
525 2607 621 2656 Roman
632 2621 710 2665 camp.

79 2682 126 2750 ἈΙ
136 2681 234 2731 Roman
244 2697 314 2741 camp
325 2681 374 2730 had
383 2681 438 2730 soar
447 2690 531 2742 gatest
549 2680 590 2729 tha
600 2695 653 2752 'ono
668 2679 694 2728 in
709 2678 752 2727 tha
767 2678 840 2748 front,
853 2677 928 2786 bein}
938 2677 980 2728 tha

50 2739 168 2800 precipit
183 2750 249 2801 gete,
261 2755 313 2789 was
324 2741 403 2790 called
414 2749 486 2803 porta
497 2749 632 2803 proclama,-
649 2746 701 2787 two
711 2753 743 2788 on
757 2737 799 2786 the
815 2737 882 2786 stdes
897 2751 913 2785 o
937 2737 981 2786 tha

50 2813 131 2857 camp,
142 2813 188 2846 one
198 2799 272 2859 being
283 2798 324 2847 the
333 2800 554 2905 ponoKdadpalb
564 2802 656 2854 dextre,
667 2797 714 2868 and
724 2796 767 2845 tha
777 2796 848 2866 other
857 2796 900 2844 the
908 2805 981 2859 porta

53 2858 197 2922 principalia
207 2859 324 2915 sinistro5
339 2858 387 2907 and
397 2867 406 2906 t
426 2873 439 2909 e
450 2873 496 2905 one
507 2866 532 2905 at
542 2857 584 2906 the
593 2857 666 2914 back,
673 2865 725 2919 Just
736 2864 846 2916 opposite
857 2855 900 2904 the
909 2863 981 2918 posta

123 2918 184 2973 oria,
196 2931 248 2964 was
259 2916 338 2965 called
348 2917 390 2965 the
402 2926 473 2979 porto
483 2919 620 2974 decumana,
631 2916 694 2965 hom
704 2915 746 2965 the
757 2914 828 2964 tenth
838 2914 938 2964 cohorte
950 2913 979 2963 of

51 2984 62 3025 t
79 2991 94 3024 e
105 2975 208 3038 legions,
220 2974 302 3024 which
312 2975 361 3024 had
371 2975 435 3024 their
444 2975 513 3036 place
523 2975 600 3025 there.

79 3049 137 3099 'Ae
147 3065 199 3099 was
215 3048 356 3099 mentioned
370 3050 395 3098 in
410 3048 456 3098 cha
474 3085 480 3098 .
491 3053 535 3108 213
552 3049 589 3099 sor
599 3049 624 3098 in
634 3047 667 3097 all
678 3047 785 3097 thathee
795 3048 860 3096 bean
874 3044 976 3105 related,

50 3107 114 3159 from
123 3109 193 3171 chap.
204 3113 232 3158 al
243 3108 317 3158 down
327 3118 353 3159 to
363 3109 406 3159 tha
416 3064 483 3166 ml,
497 3109 590 3159 Caesar
599 3107 648 3157 had
658 3115 701 3156 not
711 3107 788 3157 taken
797 3122 846 3167 any
856 3115 918 3166 part.

79 3181 155 3231 ‘The
167 3185 305 3248 primipilus
316 3199 369 3232 was
384 3183 427 3232 the
442 3183 553 3232 canturio
562 3196 590 3230 or
600 3180 696 3240 captain
705 3180 734 3229 of
745 3180 787 3229 the
798 3180 883 3230 triarii
895 3177 924 3227 ol
935 3177 979 3228 tha

50 3234 149 3300 highest
164 3243 241 3300 narr
257 3241 289 3291 he
306 3252 344 3292 sat
360 3244 386 3293 in
400 3243 444 3294 the
460 3241 556 3295 muacil
570 3239 600 3292 oi
612 3255 672 3300 was,
684 3239 733 3293 aad
748 3239 798 3293 had
813 3248 839 3290 to
855 3237 920 3302 keep
935 3237 978 3288 tha

39 3298 163 3347 enadad
170 3300 203 3349 os
211 3301 255 3350 the
263 3301 355 3366 legion.
