2146 3704
77 212 138 272 trt
380 229 421 269 nn
442 228 540 271 nunno
561 227 696 272 stanneo.

45 379 47 383 r
77 337 180 395 consilii
198 337 283 393 fuisse
299 339 479 419 cognoverint,
495 345 534 410 ut,
550 337 574 393 si
591 338 694 393 flumen
713 338 877 395 transissent.
893 355 948 395 una
965 356 1002 399 cx

76 417 153 481 pmte
175 410 233 481 ipsi,
257 407 343 463 altera
364 410 478 463 Arremr
501 425 532 463 se
554 407 789 469 circumsisterent.
825 407 858 462 Id
875 424 943 465 euna
964 409 1002 465 de

77 494 167 550 musa,
179 496 264 549 quam
280 477 377 546 legatis
393 478 606 558 pronunciatum,
623 493 658 531 an
710 477 787 532 rfidia
803 477 915 533 adducti
930 477 1003 535 isos·

76 548 137 620 rint,
154 549 228 619 quod
250 547 318 602 nihil
340 544 418 602 nobis
439 555 550 618 constat,
573 562 626 602 non
648 546 675 601 vi
693 554 753 607 etur
775 563 824 618 pro
845 556 920 611 certo
942 564 1003 605 cass

76 618 251 690 ponendum}
284 617 418 686 Bituriges
434 633 528 672 eornm
543 615 666 671 discessu
683 617 773 671 statim
790 633 820 672 se
832 633 898 677 cum
907 619 1004 674 Arver-

76 687 120 743 uis
136 687 309 768 conjungunt.
968 732 971 736 .

104 763 139 812 d.
156 756 206 811 llra
217 757 299 811 rebus
308 755 336 809 in
347 754 456 810 ltaliam
465 756 572 811 Caesari
584 754 725 827 nunciatis,
737 772 823 826 quum
833 755 893 826 jam
903 755 951 812 ille
962 773 1005 813 ur·

76 824 163 880 bmras
178 827 231 880 rcs¹
242 825 405 880 virtutscn.
417 825 539 895 Pompeii
555 825 764 880 commodiorem
780 825 808 879 in
826 834 928 882 statum
945 843 1004 898 per·

76 896 191 949 venisse*
203 894 372 964 intelligeret,
389 894 419 947 in
431 893 643 964 *Transalpinam
661 894 777 949 Gallim
796 894 935 964 profectus
952 902 1004 951 est.

76 964 121 1019 Rc
129 981 214 1034 quum
225 964 351 1033 venisset,
363 976 463 1033 magna
474 962 635 1018 difficultate
644 964 821 1035 afficiebatur,
829 967 893 1035 qua⁸
903 964 1004 1027 ratione

75 1031 112 1087 ad
128 1033 277 1087 exercitum
296 1033 437 1103 pervenire
456 1041 555 1104 posset.
590 1035 663 1088 Nam
678 1034 702 1089 si
717 1033 839 1103 legiones
854 1034 884 1088 in
899 1033 1004 1105 provin·

75 1101 150 1156 oium
158 1111 317 1173 arcesseret,
330 1119 361 1157 se
377 1101 491 1158 absente
507 1103 536 1157 in
551 1102 647 1158 itinere
662 1103 762 1174 proelio
776 1102 953 1166 dimicaturas
966 1102 1004 1173 in·

75 1171 229 1242 telligebet:
249 1173 273 1227 si
287 1173 347 1244 ipse
362 1171 398 1227 ad
414 1173 564 1227 exercitum
578 1172 761 1242 contenderet,
778 1189 813 1226 ne
829 1172 864 1227 iis
882 1170 1003 1245 quidem,

64 1243 124 1321 ,qni
139 1249 309 1365 ροιὲοῑὲιὲῑοτο
325 1242 415 1313 pacati
430 1241 593 1312 viderentur,
609 1257 689 1298 suam
706 1241 823 1315 salntem
839 1252 914 1298 recte
932 1259 1004 1299 oom-

75 1311 184 1364 mtttrr'
204 1327 221 1364 e
270 1350 277 1364 .
527 1312 531 1320 ’
671 1360 672 1370 ,
861 1312 864 1319 ’

110 1384 137 1433 7.
155 1380 266 1434 Interim
287 1380 428 1435 Lucterius
451 1379 595 1451 &dumus
619 1380 649 1434 in
670 1379 790 1435 Rutenos
811 1381 921 1452 missus,
942 1397 1004 1436 cam

75 1448 215 1504 civitatem
237 1451 365 1505 Arvernis
388 1450 520 1504 conciliat.
556 1449 715 1518 Progressus
736 1450 765 1505 in
787 1449 955 1520 Nitiobriges
974 1457 1003 1505 st

73 1518 199 1591 Gebalos
211 1518 248 1574 ab
264 1520 316 1574 utr'
350 1537 386 1575 ua
403 1520 514 1575 obsides
529 1519 634 1590 accipit,
647 1527 675 1572 et
690 1536 791 1589 magns
806 1527 901 1584 coacta
911 1536 1002 1590 manu,

74 1587 103 1641 in
113 1589 280 1658 provinciam
291 1538 448 1645 Nfflbcriem
458 1591 563 1644 versus⁴
574 1588 745 1660 eruptionem
753 1589 844 1644 facere
854 1587 1002 1645 contendit.

73 1655 136 1715 Qua
158 1674 186 1710 re
208 1659 343 1728 nunciata,
365 1660 464 1712 Caesar
482 1658 607 1712 omnibus
628 1657 746 1712 consiliis
767 1658 1003 1715 antevertendum⁸

74 1725 245 1798 existimarit,
265 1736 295 1781 ut
317 1727 472 1782 Narbonem
495 1728 714 1797 proficisceretur.
749 1727 790 1781 Eo
812 1744 898 1796 quum
916 1728 1002 1783 venie

73 1803 116 1848 set
143 1796 270 1851 timentes
286 1797 433 1864 confirmet,
452 1796 586 1866 praesidia
603 1797 631 1850 in
647 1794 760 1851 Rutenis
776 1796 1002 1870 provincialibus·

73 1834 165 1917 Volcis
181 1866 355 1935 Arecomicis‚
373 1865 550 1943 Tolosatibus,
569 1867 726 1934 circumque
748 1865 912 1937 Narbonem,
930 1884 1001 1938 quae

72 1930 133 1984 loca
151 1932 273 1987 hostibus
293 1941 369 1986 erant
384 1933 505 2002 finrtrtna,
518 1934 669 1987 constituit:
724 1941 793 1988 rtem
810 1934 949 2005 copiarum
965 1953 1000 1993 ex

72 1999 210 2122 hrorincia
232 2001 512 2070 supplementumque,
536 2001 609 2070 quod
631 2018 668 2055 ex
702 2002 767 2057 talia
789 2003 948 2077 adduxerat,
970 2007 999 2063 iu

99 2068 191 2138 elrios,
203 2069 251 2138 qui
262 2069 331 2121 fines
342 2071 522 2122 Arvernorum
534 2069 696 2142 contingunt,
709 2073 853 2126 convenire
863 2072 952 2144 jubet

75 2176 78 2181 Δ
106 2142 134 2191 8.
151 2136 201 2207 ¹liis
217 2136 299 2190 rebus
315 2137 482 2208 comparatis,
495 2154 616 2210 represso
632 2139 690 2210 jam
700 2140 824 2195 Lucterio
841 2151 870 2196 et
887 2152 997 2217 remoto,

70 2317 267 2452 usinhbbdmm
279 2327 338 2377 here
348 2326 396 2377 and
405 2324 551 2385 elsewhere,
563 2326 608 2377 has
618 2327 661 2377 the
672 2328 786 2390 meaning
795 2327 825 2376 of
832 2333 994 2391 statuendum,

193 2405 239 2437 um-

99 2460 177 2511 ¹Dur'
228 2460 270 2509 the
287 2460 456 2510 disturbandas
472 2458 554 2508 which
570 2456 631 2507 took
663 2457 715 2507 lace
725 2467 757 2521 ¹nt
774 2459 854 2509 Rome
875 2461 938 2512 atter
952 2463 996 2513 the

71 2520 168 2570 murder
178 2536 193 2569 o
215 2519 325 2576 Clodius,
337 2519 448 2579 Pompey
455 2533 508 2567 was
518 2516 613 2567 elected
624 2473 675 2566 eche
686 2518 780 2588 consul,
791 2519 839 2569 eud
849 2520 952 2572 ordered
961 2524 994 2584 by

70 2579 113 2629 the
124 2587 208 2629 senate
218 2589 246 2630 to
255 2580 336 2629 watch
347 2593 406 2628 over
415 2578 459 2627 the
469 2577 549 2638 sefety
559 2577 588 2626 oi
599 2576 642 2626 the
652 2577 769 2637 republro.

98 2654 205 2703 'Before
215 2669 263 2716 quc
273 2670 312 2703 we
321 2662 389 2702 must
399 2652 489 2715 supply
499 2652 542 2701 the
551 2653 616 2701 verb
621 2654 736 2703 debiturn
745 2666 773 2702 or
782 2655 900 2713 nacione,
913 2655 994 2706 which

69 2712 100 2769 ts,
109 2713 135 2762 in
144 2713 201 2770 tect,
210 2713 310 2773 implied
320 2713 345 2761 iu
355 2713 398 2761 the
408 2711 552 2772 expression
559 2712 696 2781 difficultate
704 2713 853 2774 afficiebatur,
863 2713 909 2765 ‘he
920 2714 994 2766 found

69 2770 172 2820 himself
183 2772 208 2820 in
218 2781 286 2832 great
296 2771 447 2828 difficulties,
458 2780 502 2820 not
512 2770 648 2832 knowrng‚'
662 2770 712 2821 deo.

97 2841 282 2903 ‘Comparari
293 2847 331 2901 32,
343 2852 400 2893 noto
411 2846 434 2893 8.

98 2915 272 2964 'Anteuertere
287 2915 317 2972 is,
333 2920 373 2964 ‘to
389 2915 520 2976 anticipato
536 2931 551 2964 u
567 2931 663 2977 person,
676 2915 724 2964 und
740 2916 825 2966 thereb
853 2926 992 2980 topreveut

68 2973 108 3025 his
124 2974 236 3036 carrying
252 2983 295 3024 out
311 2974 350 3024 his
366 2975 448 3035 plan3’
467 2977 574 3046 morbos
590 2978 696 3027 comdiis
713 2976 735 3045 is
751 2976 794 3024 the
810 2932 927 3037 ablativo,
945 2978 992 3028 und

68 3032 244 3095 equivalentto
250 3052 310 3097 pras
319 3036 425 3084 omnuim
435 3036 551 3101 consiliis.
575 3035 631 3085 Tha
642 3049 715 3085 sense
725 3049 761 3084 rs:
781 3035 877 3086 ‘before
888 3037 991 3101 forming

68 3109 117 3154 sny
127 3094 197 3144 other
206 3094 273 3154 plan,
287 3093 379 3145 Caesar
389 3093 494 3156 thought
504 3095 525 3143 it
534 3105 666 3156 necessary
675 3103 701 3142 to
711 3109 743 3155 go
753 3103 780 3143 to
791 3094 895 3146 Narbo.¹

97 3168 171 3219 ‘The
182 3170 276 3219 Ruteni
290 3185 356 3220 were
372 3170 416 3220 the
432 3168 580 3218 inhabitants
596 3168 626 3218 of
637 3169 738 3219 modern
755 3169 896 3232 Rovergne‚
908 3174 934 3221 in
948 3172 988 3220 the

68 3230 140 3278 north
150 3229 179 3279 os
184 3230 228 3279 the
239 3229 336 3279 Roman
345 3231 475 3291 provinoe;
493 3231 537 3277 but
548 3244 563 3276 a
573 3237 626 3288 part
636 3228 665 3278 os
676 3229 719 3277 the
730 3229 823 3279 Ruteni
833 3231 955 3293 belonged
963 3239 990 3279 to

67 3286 111 3334 the
122 3287 219 3337 Roman
228 3289 352 3348 province,
364 3288 412 3338 and
422 3289 492 3338 these
503 3303 543 3336 are
553 3286 612 3337 here
623 3287 702 3339 called
707 3287 803 3348 ,Ruteni
811 3291 977 3352 presente.
