2146 3704
92 221 149 283 180
388 240 430 280 aa
451 239 549 281 nanno
568 238 706 280 mmrco.

126 354 166 403 17.
187 347 287 402 Castris
308 346 344 400 ad
368 364 431 401 eam
449 356 552 418 partam
575 347 667 418 oppidi
690 345 792 416 positis,
812 343 920 414 Caesar,
935 359 1011 415 quas

89 418 242 472 intermissa
259 435 277 470 a
293 417 404 471 flumine
420 426 447 470 et
463 434 479 469 a
497 416 597 487 palude
614 416 727 484 aditum,
739 423 770 470 ut
782 431 863 484 supra
875 413 1010 483 diximus,¹

87 497 233 558 angustum
251 487 376 557 habebat,
396 504 525 556 aggerem
543 503 679 556 apparare,
700 487 796 538 vineas
815 499 905 552 agere,
926 492 1012 537 turres

87 557 156 611 duas
168 557 328 612 constituere
343 559 447 627 coepit:
466 573 530 610 nam
548 554 751 610 circumvallare
769 553 821 607 loci
838 564 936 606 natura
954 568 1011 623 pro·

87 626 206 682 hibebat.
243 628 283 681 De
306 643 335 679 re
355 625 529 680 frumentaria
548 626 627 680 Boios
645 633 726 694 atque
743 622 855 676 Aeduos
878 621 1012 676 adhortari

86 713 138 751 non
158 697 275 751 destitit:
294 713 408 766 quorum
425 695 510 763 alteri,
529 694 600 765 quod
617 695 690 748 nullo
708 693 796 747 studio
812 692 939 762 agebant,
959 708 1011 746 non

86 767 205 820 multum
227 765 406 836 adjuvabant3
429 765 507 818 alteri
530 782 583 818 non
602 763 708 832 magnis
727 760 920 832 facultatibus,²
939 761 1010 832 quod

86 837 181 889 civitas
198 844 255 888 erat
273 835 371 902 exigua
383 843 410 887 et
421 835 534 904 infirma,
547 834 677 902 celeriter,
690 830 762 901 qnod
775 830 936 902 habuerunt,
949 847 1011 887 oon·

86 912 248 958 sumserunt.
284 904 396 956 Summa
412 901 571 956 difficultate
590 904 629 958 rei
646 901 836 957 frumentariae
849 899 950 954 affecto
965 917 1011 954 ex·

85 975 179 1042 ercitu,
201 973 330 1025 tenuitate
349 973 483 1041 Boiorum,
503 972 670 1041 indiligentia
689 970 855 1039 Aeduorum,
877 969 1010 1024 incendiis

84 1041 278 1111 aedificiorum,
294 1057 380 1110 nsque
398 1042 450 1110 eo,⁸
467 1048 498 1095 ut
515 1042 669 1112 complures
685 1039 745 1095 dies
758 1039 859 1094 milites
874 1038 1009 1114 frumento

84 1112 226 1182 caruerint,
240 1119 266 1164 et
279 1127 375 1181 pecore
388 1128 404 1164 e
416 1110 644 1181 longinquioribus
655 1109 723 1165 vicis
739 1109 843 1179 adacto,
856 1116 1009 1170 extremam

84 1179 185 1235 samem
205 1189 392 1252 sustentarent,
405 1180 480 1234 nulla
491 1188 583 1235 tamen
595 1197 647 1234 vox
658 1188 700 1233 est
711 1179 747 1232 ab
758 1179 791 1232 iis
802 1177 904 1248 audite,
917 1194 952 1250 po
971 1177 1012 1232 ult

83 1250 197 1304 Romani
222 1250 365 1319 majestate
389 1259 416 1302 et
439 1248 618 1320 superioribus
641 1249 760 1302 victoriis
781 1247 900 1316 indigna
937 1195 1009 1308 dbia

83 1319 167 1373 etiam
179 1322 277 1372 Caesar
294 1335 378 1388 quum
397 1320 424 1372 in
442 1335 522 1388 opere
540 1318 660 1387 singulas
671 1317 791 1386 legiones
801 1316 960 1388 appellaret,
972 1325 1007 1389 et,

83 1387 107 1441 si
126 1388 250 1442 acerbius
269 1388 388 1458 inopiam
407 1388 513 1458 ferrent,
535 1405 565 1442 se
585 1388 759 1442 dimissurum
781 1386 1008 1458 oppugnationem

83 1457 200 1528 diceret;
218 1458 336 1513 universi
346 1458 382 1518 ab
400 1474 440 1528 eo,
454 1475 488 1512 ns
500 1458 527 1511 id
545 1458 653 1527 laceret,
666 1457 809 1527 petebant:
828 1455 868 1509 sio
885 1473 917 1510 se
934 1472 1007 1511 com·

83 1528 174 1596 plures
189 1545 273 1582 annos
288 1528 334 1581 illo
346 1528 495 1599 imperante
513 1528 664 1598 meruisse*
674 1534 704 1580 nt
715 1526 818 1580 nullam
829 1525 1008 1594 &nominitant

81 1599 244 1678 acciperent,
265 1614 405 1667 nunquam
425 1597 525 1652 infecta
548 1615 577 1651 re
600 1596 784 1650 discederent:
809 1594 861 1648 hoc
884 1611 915 1648 se
935 1595 1007 1664 igno·

82 1666 182 1720 mimae
193 1667 294 1721 laturos
305 1667 370 1736 loco,
384 1667 408 1720 si
423 1667 560 1737 inceptam
576 1665 802 1737 oppugnationem
819 1663 1006 1744 reliquissent:

82 1744 225 1807 praestare,
239 1753 335 1789 omnes
352 1735 469 1808 perferre
486 1737 656 1807 acerbitates,
668 1752 751 1805 quam
768 1751 822 1788 non
838 1733 1006 1788 civibusRo-

81 1807 178 1876 manis,
192 1805 238 1875 qui
250 1805 355 1860 Genabi
369 1805 482 1874 perfidia
493 1805 632 1859 Gallorum
642 1805 802 1873 interissent,
815 1803 1007 1874 parentareut.⁸

81 1873 157 1927 Haec
176 1876 273 1929 eadem
291 1874 493 1928 centurionibus
511 1875 676 1945 tribunisque
695 1873 813 1928 militum
830 1872 1004 1944 mandabant,

82 1948 112 1994 ut
123 1959 171 2009 per
182 1959 229 1996 eos
240 1943 276 1996 ad
288 1944 433 1996 Caesarem
444 1943 620 1996 deferrentur.

119 2015 159 2063 18.
177 2011 269 2070 Quum
286 2010 343 2078 jam
361 2007 437 2065 mriro
455 2019 541 2064 turres
557 2012 821 2082 appropinquassent,
838 2027 873 2065 ex
889 2010 1006 2082 captivis

80 2077 180 2132 Caesar
203 2080 333 2149 cognovit,
357 2080 604 2149 Vercingetorigem
628 2090 767 2136 consumto
792 2080 891 2153 pabulo
918 2088 1006 2152 castra

80 2149 197 2214 movisse
214 2149 324 2227 propius
334 2149 488 2218 Avaricum,
501 2156 583 2218 atque
595 2149 684 2221 ipsum
701 2168 766 2205 cum
784 2150 905 2221 equitatu
923 2167 1004 2221 expe·

79 2214 205 2286 ditisque,
227 2234 272 2287 qur
292 2218 361 2271 inter
379 2217 485 2287 equites
503 2220 625 2289 proeliari
643 2229 824 2290 consuessent,
846 2221 1005 2276 insidiarum

79 2301 162 2339 causa
173 2304 206 2340 eo
218 2265 377 2368 prot'ectnm,
410 2305 444 2342 uo
461 2298 565 2342 nostros
581 2299 687 2360 postero
705 2289 750 2343 die
768 2289 929 2359 pabulatum
940 2307 1004 2346 ren·

78 2361 151 2409 turos
174 2357 354 2412 arbitraretur.
391 2305 497 2417 auibus
517 2359 597 2412 rebus
615 2359 736 2429 cognitis,
754 2359 846 2412 media
868 2369 949 2415 nocte
968 2359 1003 2414 si·

77 2421 315 2498 lentioprofectus,
328 2426 494 2481 adhostium
506 2436 591 2480 castra
602 2445 684 2480 mane
702 2428 833 2500 pervenit.
868 2428 919 2498 llli,
933 2429 1003 2484 cele·
1056 2462 1061 2469 ι

77 2493 141 2549 riter
157 2514 206 2568 per
223 2497 404 2568 exploratores
420 2497 540 2550 adventu
552 2497 673 2550 Caesaris
690 2497 803 2567 cognito,
817 2513 906 2566 carrps
917 2500 1003 2570 impe·

104 2651 171 2700 ¹See
182 2653 223 2702 vii.
236 2657 272 2701 15.
360 2691 362 2695 ,

103 2724 181 2794 'Noa
194 2728 289 2787 magnis
303 2727 464 2787 facultatibus
482 2727 503 2775 is
519 2726 561 2776 the
578 2727 683 2777 ablativa
699 2726 820 2786 obsolute,
841 2728 898 2778 ‘the
918 2729 1002 2780 others

74 2795 216 2843 possessmg
227 2786 270 2832 but
281 2784 353 2832 small
367 2785 469 2833 means!

74 2853 206 2960 &zv-'licque
220 2873 255 2913 eo,
269 2860 310 2904 ‘to
320 2856 382 2904 such
392 2873 407 2904 a
417 2856 505 2918 degree
514 2858 531 2916 ;’
549 2858 619 2907 these
630 2858 710 2908 words
721 2858 811 2921 belong
825 2868 851 2909 to
866 2863 949 2924 offecto
963 2879 1000 2913 ea·

71 2984 255 3105 inllbstisiiiifff
270 2986 358 3047 supply
365 2989 498 3050 stipendior
512 2990 632 3052 stipendio
640 3007 727 3039 merere
736 2990 869 3055 signilying
879 2997 920 3043 ‘to
930 3009 1001 3044 serve

99 3117 279 3167 'Purmtarent
291 3119 378 3167 ishere
388 3118 450 3168 used
461 3119 553 3169 instead
565 3120 593 3169 ol
600 3120 641 3169 the
653 3121 778 3170 infinitiva.
803 3123 851 3172 See
862 3123 887 3173 ii.
896 3127 933 3183 10,
942 3133 1000 3175 noto

68 3177 92 3232 4,
103 3177 188 3226 where
205 3180 357 3227 conuenirent
374 3179 395 3226 is
411 3178 541 3239 employed
558 3180 653 3228 instead
669 3181 698 3230 of
709 3183 840 3231 eonomiro.
872 3184 929 3232 The
939 3186 997 3233 verb

68 3245 196 3296 parentare
212 3237 330 3297 signifies‚
344 3242 384 3284 ‘to
394 3237 499 3297 perform
510 3238 580 3286 those
592 3238 651 3288 rites
661 3239 709 3288 and
719 3239 800 3306 duties
806 3241 889 3291 which
900 3243 999 3292 aradus

68 3293 146 3341 to-tlre
155 3294 237 3352 dead5’
250 3296 328 3344 hence
337 3296 398 3353 also,
410 3301 444 3343 ‘to
453 3296 510 3344 take
517 3312 656 3357 rengeanoo
663 3299 747 3349 sortlre
754 3298 827 3349 death
834 3301 863 3350 ol
870 3302 995 3363 apersou!
