2146 3704
63 256 118 319 tos
363 273 404 313 ne
425 273 522 314 aeneo
543 273 681 315 emerso.

59 399 189 440 manum:
209 381 372 452 impeditum
389 383 481 437 hostes
498 383 704 438 circumsistunt.
741 383 877 440 Succurrit
894 383 981 439 inimi·

59 471 108 509 cus
121 453 161 506 illi
172 453 294 507 Varenus
306 461 333 506 et
345 452 475 506 laboranti
488 453 620 507 subvenit.
655 453 699 508 Ad
711 453 783 508 huuc
795 472 826 508 se
838 452 981 510 confestim

59 539 77 577 a
102 523 222 577 Pulfione
245 522 333 576 omnis
354 522 498 576 multitudo
521 523 666 577 convertit:
685 523 762 577 iilum
780 532 874 588 veruto
898 533 979 578 trans-

59 593 144 649 fixum
156 592 326 646 arbitrantur.
362 594 490 646 Occursat
507 593 581 646 ocius
597 592 686 662 gladio
704 594 911 663 comminusque
923 611 981 650 rem

60 662 129 732 gerit
147 663 277 732 Varenus,
296 670 378 732 atque
402 679 455 716 uno
478 662 618 716 interiecto
642 662 757 732 reliquos
815 663 904 716 ullum
923 681 982 733 pro·

60 732 153 802 pellit;
166 731 232 786 dum
245 731 367 802 cupidius
378 731 466 801 instat,
476 734 503 784 in
516 732 607 785 locum
617 731 769 786 inferiorem
797 731 911 801 ejectus¹
919 750 981 787 con·

60 802 136 855 cidit.
171 802 243 855 Huic
255 818 346 855 rursus
357 802 540 854 circumvento
559 802 611 855 fert
629 801 782 855 subsidium
793 801 880 855 Pulfio
898 811 981 871 atque

60 871 141 924 ambo
152 870 309 939 incolumes,
323 870 505 940 compluribus
523 871 679 940 intersectis,
692 888 799 924 summa
816 889 881 926 cum
898 871 980 926 laude

60 957 121 993 sese
141 940 209 992 intra
226 940 390 992 munitiones
409 940 548 1009 recipiunt.
584 940 627 994 Sic
642 941 747 1002 fortune,
764 941 791 994 in
808 941 980 995 contentione

60 1018 88 1062 et
112 1009 259 1062 certamine
283 1018 427 1079 utrumqne
451 1010 589 1064 versavit'
610 1019 640 1063 ut
663 1009 731 1063 alter
756 1009 832 1064 alteri
854 1011 980 1064 inimicus

59 1078 159 1132 auxilio
184 1078 318 1148 salutique
342 1089 422 1149 esset,
447 1096 535 1149 neque
558 1049 700 1150 dijudicari
723 1089 821 1150 posset,
844 1087 904 1134 uter
927 1080 980 1133 utri

59 1147 156 1201 virtute
168 1147 359 1202 anteferendus
372 1149 514 1202 videretur.
806 1186 808 1189 ψ

95 1223 138 1271 45.
157 1219 261 1276 Quanto
274 1226 331 1270 erat
343 1218 369 1270 in
382 1219 442 1272 dies
452 1217 556 1287 gravior
573 1226 655 1287 atque
670 1218 789 1288 asperior
806 1218 978 1290 oppugnatio,

59 1295 88 1339 et
105 1287 224 1341 maxime
242 1286 321 1366 quod,
334 1304 432 1356 magna
450 1296 525 1357 parte
542 1287 660 1342 militum
677 1288 801 1341 confecta
812 1288 977 1358 vulneribus,

59 1372 103 1409 res
122 1356 157 1410 ad
178 1365 342 1427 paucitatem
362 1357 536 1410 defensorum
554 1365 721 1427 pervenerat,
741 1366 813 1412 tanto
830 1357 980 1412 crebriores

48 1423 162 1479 *litterae
183 1426 328 1496 nunciique
348 1426 383 1480 ad
404 1428 549 1480 Caesarem
569 1426 758 1480 mittebantur:
783 1443 898 1496 quorum
917 1444 979 1497 pars

57 1495 228 1566 deprehensa
248 1496 276 1549 in
295 1506 441 1567 conspectu
464 1506 611 1550 nostrorum
633 1497 748 1549 militum
772 1513 835 1550 cum
858 1498 978 1553 cruciatu

57 1567 230 1620 necabantur.
268 1566 331 1618 Erat
351 1583 421 1620 unus
437 1567 519 1620 intus⁸
529 1566 653 1633 Nervius,
671 1566 778 1619 nomine
791 1566 906 1636 Vertico,
919 1566 978 1621 loeo

57 1644 138 1688 natus
149 1635 269 1703 honesto,
279 1635 327 1703 qui
338 1652 356 1686 a
367 1636 453 1704 prima
464 1635 602 1689 obsidione
613 1636 649 1687 ad
658 1635 815 1688 Ciceronem
822 1635 978 1705 perfugerat

56 1719 190 1774 suamque
203 1704 228 1757 ei
240 1703 324 1756 fidem
336 1705 514 1774 praestiterat.
550 1705 602 1757 Hic
614 1721 690 1757 servo
703 1721 751 1774 spe
760 1703 891 1758 libertatis
903 1722 977 1774 mag·

55 1773 154 1843 nisque
171 1772 316 1843 persuadet
333 1773 468 1894 praemiis,
481 1781 512 1826 ut
529 1773 633 1826 litteras
650 1773 685 1826 ad
701 1774 846 1827 Caesarem
862 1774 976 1828 deferat.

55 1841 113 1895 Has
124 1843 170 1896 ille
182 1845 211 1895 in
221 1841 312 1910 jaculo
324 1844 332 1894 i
355 1843 440 1911 igatas
452 1842 529 1896 effert
537 1846 555 1912 3⁴
572 1852 600 1913 et
613 1843 707 1896 Gallus
725 1844 793 1896 inter
809 1843 901 1896 Gallos
918 1844 977 1898 sine

56 1910 112 1964 ulla
132 1911 285 1980 suspicione
302 1923 425 1964 versatus
444 1911 480 1963 ad
499 1913 643 1966 Caesarem
661 1912 792 1982 pervenit.
828 1913 873 1966 Ab
891 1931 925 1966 ec
940 1913 976 1967 de

55 1979 185 2050 periculis
197 1979 333 2032 Ciceronis
345 1979 510 2058 legionisque
524 1981 700 2048 cognoscitur.

89 2054 132 2102 46.
146 2049 252 2116 Caesar,
262 2049 382 2168 acceptis
394 2048 491 2101 litteris
502 2047 567 2101 hora
578 2050 684 2103 circiter
695 2049 840 2104 undecima
851 2051 915 2121 diei,
925 2060 977 2104 sta·

54 2117 103 2172 tim
116 2116 245 2172 nuncium
257 2116 285 2169 in
297 2116 335 2169 Be
347 2116 455 2170 lovacos
465 2117 500 2171 ad
509 2118 550 2172 M.
560 2119 696 2173 Crassum‘
704 2129 876 2188 quaestorem
884 2122 975 2190 mittit,

54 2186 134 2256 cujus
146 2185 258 2239 hiberna
266 2185 378 2239 aberant
389 2186 425 2240 ab
437 2203 470 2240 eo
483 2187 558 2241 milia
569 2204 700 2257 passuum
710 2206 776 2242 xxv.
794 2189 876 2244 Jubet
884 2191 977 2244 media

54 2265 132 2310 nocte
153 2255 289 2325 legionem
309 2256 442 2326 proficisci
463 2257 640 2328 celeriterque
660 2258 695 2311 ad
715 2275 745 2311 se
763 2259 865 2312 venire.
902 2259 977 2314 Exiit

53 2342 118 2380 cunr
129 2326 228 2380 nuncio
241 2328 360 2380 Crassus.
396 2328 520 2382 Alterum
532 2327 568 2381 ad
581 2329 610 2380 C.
624 2327 739 2382 Fabium
751 2327 872 2397 legatum
883 2329 975 2399 mittit,

52 2404 83 2451 ut
95 2397 122 2450 in
134 2396 308 2451 Atrebatium
325 2397 394 2450 fines
412 2396 547 2466 legionem
564 2395 688 2466 adducat,
702 2413 756 2466 qua
774 2398 826 2452 sibi
844 2399 894 2451 iter
912 2398 976 2452 laci·

52 2466 157 2522 undum
170 2466 281 2520 sciebat.
312 2465 406 2520 Scribit
419 2467 544 2538 Labieno,
559 2467 582 2520 ei
594 2465 770 2536 reipublicae⁸
781 2467 923 2522 commodo
936 2468 974 2520 la·

52 2551 114 2591 oere
126 2546 225 2609 posset,
236 2553 299 2591 curn
312 2535 417 2606 legione
428 2537 464 2591 ad
475 2537 545 2591 fines
555 2536 717 2591 Nerviorum
725 2537 830 2590 veniat:
844 2537 976 2608 reliquam

80 2723 241 2786 ²Dejsctuais
254 2726 352 2775 ‘driven
361 2726 445 2785 beck)
456 2742 485 2776 or
497 2726 635 2789 ‘repelled’

79 2796 228 2854 ’Verrcoim
245 2797 298 2846 that
309 2799 339 2856 is,
352 2799 440 2848 turned
456 2798 500 2848 the
516 2801 581 2850 scale
598 2802 740 2851 sometimes
755 2800 813 2859 this,
831 2802 879 2852 and
894 2818 974 2853 sorne-

50 2855 125 2905 times
140 2856 193 2904 that
204 2871 268 2917 way,
281 2872 309 2905 or
318 2856 407 2918 played
417 2857 477 2907 with
488 2857 565 2908 them.
596 2860 653 2930 Tire
667 2863 784 2910 eontentio
795 2861 816 2909 is
827 2861 869 2931 the
885 2863 974 2933 rivalry

50 2915 165 2984 between
179 2915 221 2964 the
238 2924 288 2963 two
304 2931 369 2974 men,
383 2917 426 2965 but
437 2917 479 2976 the
489 2927 604 2969 certamen
620 2936 641 2969 rs
658 2920 699 2969 tho
716 2919 825 2982 struggle
835 2921 897 2970 with
912 2922 975 2972 their

50 2989 178 3107 οῃξῗιιεθ,
193 3047 317 3107 ‘within3’
335 3048 423 3111 supply
435 3053 493 3100 ‘our
503 3051 591 3113 camp!

78 3122 187 3184 ‘Effera⁸
204 3122 294 3184 supply
304 3125 420 3173 ascetria.

78 3195 144 3243 ⁸See
156 3195 226 3257 chep.
235 3199 272 3246 24.

79 3266 239 3340 ‘Respublica
254 3271 275 3319 is
290 3270 348 3321 lrere
363 3270 514 3322 usedinths
525 3272 637 3322 senesci
650 3273 707 3324 ‘the
722 3288 836 3324 common
850 3274 934 3337 good:
945 3281 971 3325 ct

39 3326 229 3388 talum.
