2146 3704
481 275 573 316 mann
591 212 617 319 n
966 262 1005 325 41

87 390 188 439 certam
206 382 327 438 indicere
339 382 420 454 idque
432 385 555 440 Caesaris
566 386 702 441 voluntate
713 387 804 442 lacere
815 387 925 446 liceret:
944 409 1006 447 sese

86 453 185 508 habere
196 454 332 525 quasdam
343 471 392 523 res,
405 471 473 523 quas
485 471 519 508 ex
530 458 668 510 communi
679 474 811 511 consensu
823 459 858 512 ab
869 477 901 513 eo
914 471 1005 530 petere

86 523 194 576 vellent.
232 524 275 577 Es
286 540 314 576 re
326 524 456 594 permissa
467 524 542 577 diem
554 526 665 578 concilio
683 527 877 595 constituerunt
889 533 924 583 et¹
934 531 1017 600 juro,

86 592 195 657 iurando
219 609 255 646 ne
279 594 340 662 quis
362 592 520 662 enuntiaret,
541 594 592 646 nisi
612 595 711 664 quibus
734 598 872 650 communi
895 601 1005 655 consilio

86 662 244 718 mandatum
255 671 335 730 esset,
349 663 418 714 inter
430 679 459 715 se
472 673 624 716 sanxerunt.

118 736 160 785 st.
181 733 221 785 Eo
233 732 345 785 concilio
357 731 469 784 dimisso
481 731 565 784 iidem
577 732 711 803 principes
722 734 869 805 civitatum,
882 737 929 806 qui
941 745 1004 792 ante

86 802 200 855 lucrant’
210 803 245 854 ad
255 802 406 870 Caesarem,
416 803 782 874 reverteruntpetieruntque,
792 805 831 857 uti
841 806 892 858 sibi
901 817 1005 860 secreto

85 872 110 925 in
121 870 227 925 occulto
240 870 274 924 de
287 888 337 924 sua
348 871 523 940 omniumque
535 871 622 924 salute
631 889 695 926 cum
708 890 740 926 eo
752 891 833 942 agere
841 875 944 929 liceret.
963 877 1005 930 Ea

84 957 111 993 re
123 942 266 1012 impetrata
278 957 338 994 sese
347 956 442 993 omnes
451 941 546 993 flentes
554 942 661 994 Caesari
675 943 711 996 ad
722 944 808 1012 pedes
818 944 1002 1014 projecerunt:

83 1011 143 1064 Non
155 1010 247 1063 minus
258 1027 288 1062 se
300 1010 328 1063 id
339 1009 501 1062 contendere
510 1019 541 1067 et
553 1010 680 1082 laborare,
690 1031 724 1066 ne
733 1030 774 1083 ea,
783 1031 853 1083 quae
862 1015 1001 1087 dixissent,

84 1080 291 1150 enuntiarentur,
305 1096 388 1148 quam
400 1080 439 1131 uti
452 1095 492 1148 ea,
505 1096 576 1148 quae
588 1081 697 1152 vellent,
716 1083 891 1152 impetrarent
899 1101 907 1154 5
925 1103 1002 1156 pmp-

83 1158 156 1202 terea
165 1149 245 1219 quod,
256 1149 278 1201 si
290 1148 457 1202 enuntiatum
467 1159 547 1218 esset,
557 1167 694 1204 summurn
704 1152 729 1205 in
739 1154 887 1207 cruciatum
899 1171 929 1207 se
937 1173 1002 1210 ven·

82 1228 154 1272 turos
166 1219 296 1273 riderent.
331 1219 450 1272 Locutus
461 1228 502 1272 est
514 1236 560 1288 pro
573 1220 615 1273 his
627 1221 774 1274 Diuitiaene
792 1223 920 1277 Aeduus:
939 1225 1001 1278 Gal·

81 1288 132 1342 liae
152 1287 234 1344 totius
251 1288 391 1341 factiones⁸
402 1305 464 1352 esse
476 1288 560 1343 duas:
579 1289 675 1344 harum
692 1291 803 1345 alterius
821 1293 905 1361 princi
943 1302 1002 1349 turn

82 1368 172 1411 tenere
185 1358 302 1428 Aeduos,
316 1358 427 1410 alterius
439 1362 581 1411 Arvernos.
617 1361 651 1413 Hi
665 1378 729 1413 curn
746 1369 884 1430 tantopere
921 1380 937 1414 c
955 1380 1001 1432 po·

82 1435 183 1481 tentato
201 1428 270 1480 inter
288 1444 318 1480 se
336 1428 435 1480 multos
452 1445 536 1480 annos
552 1429 750 1496 contenderent,
763 1430 866 1483 lactum
879 1447 948 1500 esec,
962 1433 1001 1486 uti

80 1496 114 1550 ab
134 1498 263 1550 Arvernis
286 1496 470 1566 Sequanisque
490 1497 617 1550 Germani
640 1499 767 1550 mercede
790 1510 1000 1554 arcesserentur.

80 1566 180 1619 Horum
200 1567 284 1636 primo
302 1567 406 1619 circiter
423 1566 497 1619 milia
509 1583 555 1619 xv.
591 1565 717 1619 Rhenum
734 1567 876 1619 transisse:
896 1578 1000 1636 postea-

79 1653 162 1705 quam
185 1651 263 1704 agros
281 1643 308 1688 et
326 1637 430 1689 cultum
448 1646 475 1688 et
494 1634 584 1705 copias
601 1635 739 1688 Gallorum
759 1635 882 1689 homines
900 1636 949 1689 feri
967 1655 1001 1692 ac

79 1705 184 1759 barbari
202 1705 382 1774 adamassem,
396 1706 532 1758 traductos
543 1705 650 1775 plures:
669 1723 741 1758 nunc
753 1722 814 1758 esse
827 1707 854 1758 in
867 1705 954 1759 Gallia
965 1708 1000 1762 sd

79 1792 102 1828 c.
127 1783 155 1827 et
178 1792 225 1829 xx.
249 1775 355 1828 milium
378 1791 531 1828 numerum.
568 1776 636 1828 Cum
656 1775 699 1827 hie
716 1775 827 1828 Aeduos
850 1792 999 1845 eorumque

77 1844 192 1898 clientes
204 1844 291 1897 semel
298 1854 380 1914 atque
390 1845 496 1898 iterum*
504 1844 586 1897 armis
594 1845 779 1914 contendiss03
792 1862 919 1914 magnam
928 1847 999 1900 cala·

76 1914 998 1987 mitatempulsosaccepisse‚ornnemnobilitatem‚omnemscnatum‚

76 1999 183 2036 ornnem
195 1984 343 2052 equitatum
352 1985 484 2037 amisisse.
520 1984 998 2055 Quibusproeliiscalamitatibusque

74 2051 181 2121 fractos,
200 2053 246 2122 qui
264 2061 291 2105 et
310 2071 358 2106 sua
371 2054 468 2107 virtute
488 2063 515 2106 et
533 2053 624 2123 populi
642 2055 754 2107 Romani
773 2054 897 2124 hospitio⁸
914 2068 997 2124 atque

74 2122 195 2175 amicitia
219 2122 365 2192 plurimum
390 2133 453 2176 ante
471 2125 497 2176 in
517 2123 605 2176 Gallia
628 2125 784 2192 potuissent,
803 2133 910 2176 coactos
934 2141 996 2178 esee

74 2191 206 2260 Sequanis
224 2191 333 2245 obsides
351 2193 422 2262 dare,
442 2193 623 2246 nobilissimos
641 2194 764 2262 civitatis,
783 2202 809 2246 et
826 2193 997 2264 jurejurando

73 2261 211 2314 civitatem
230 2262 401 2333 obstringere,
422 2279 482 2315 sese
500 2278 589 2331 neque
607 2261 715 2314 obsides
732 2263 890 2332 repetituros
908 2280 996 2332 nequo

100 2440 236 2501 ¹Namely‚
250 2443 276 2489 in
292 2460 317 2490 ec
332 2445 437 2499 condio,
451 2442 498 2491 and
509 2443 582 2491 when
596 2442 638 2491 the
655 2443 763 2503 maeting
778 2459 830 2491 was
847 2443 994 2500 assembled‚

70 2499 130 2569 they
139 2501 240 2607 ιὲὲὲοοὶι
250 2516 281 2548 an
289 2502 347 2550 cath
355 2502 408 2550 thet
417 2518 448 2550 no
457 2518 503 2549 one
512 2501 600 2550 should
608 2502 705 2562 divulge
715 2503 756 2549 the
765 2503 860 2560 subject
869 2502 996 2551 discussed

70 2571 226 2682 1n²ltdrrerdnt
242 2638 280 2682 ad.
313 2635 369 2682 The
385 2636 443 2682 verb
461 2651 511 2682 ease
525 2633 582 2681 here
600 2633 710 2681 contains
725 2632 767 2680 the
783 2632 837 2680 idea
848 2633 876 2680 of
887 2634 993 2696 coming,

69 2693 171 2741 whence
183 2695 201 2742 it
213 2695 234 2741 is
245 2694 359 2742 followed
370 2695 403 2754 by
414 2697 452 2741 cd.
485 2693 605 2752 Compare
618 2692 670 2741 Cic.
680 2696 711 2741 cd
721 2692 775 2739 Att.
786 2707 811 2740 x.
824 2695 860 2741 16.

98 2782 243 2830 'Factiones
259 2781 317 2829 here
335 2798 374 2829 ure
390 2791 431 2829 not
448 2781 550 2829 factione
566 2781 589 2828 in
606 2796 650 2829 our
660 2797 740 2836 sense,
754 2782 797 2828 but
808 2780 849 2829 the
866 2790 915 2830 two
926 2793 994 2844 great

69 2841 175 2899 political
186 2842 276 2900 parties
288 2842 368 2888 which
380 2841 476 2889 divided
489 2841 561 2889 Gaul.
593 2841 648 2889 The
661 2841 743 2891 Aedui
758 2841 805 2888 had
820 2841 917 2890 formerl
946 2843 994 2892 hatl

68 2915 84 2947 a
94 2899 153 2948 kind
164 2901 192 2948 of
199 2916 343 2960 supremacy
355 2917 413 2948 over
424 2900 456 2947 all
467 2901 509 2949 the
522 2899 607 2956 Gaulo,
621 2901 713 2948 similar
724 2911 748 2947 to
759 2900 811 2948 that
823 2901 850 2948 of
862 2901 904 2948 the
917 2858 991 2950 haee·

68 2958 225 3007 daemonians
237 2975 295 3007 over
306 2960 338 3007 all
350 2960 390 3007 the
403 2959 506 3008 Greeks.
539 2961 588 3008 But
599 2960 739 3008 afterwards
754 2960 796 3008 the
808 2961 921 3016 Arverni,
935 2977 991 3020 sup-

68 3019 154 3077 ported
169 3021 202 3078 by
218 3018 260 3066 the
277 3019 392 3078 Sequani,
405 3019 452 3066 and
467 3019 573 3068 assisted
589 3022 622 3080 by
634 3020 741 3069 German
757 3019 926 3076 mercenarios,
944 3019 992 3067 had

68 3078 183 3125 assumed
195 3078 236 3125 the
248 3093 400 3138 supremacy.
433 3078 480 3126 See
491 3079 523 3126 vi.
537 3083 573 3135 12,
586 3080 627 3126 vii.
638 3083 661 3126 4.

97 3151 107 3179 ⁴
116 3150 192 3200 Semel
202 3161 274 3212 atque
284 3153 408 3200 iterum-‘
416 3153 487 3212 again
497 3152 544 3200 and
555 3152 642 3212 again!

96 3225 106 3252 ⁵
116 3223 172 3272 The
183 3224 286 3272 relation
296 3224 325 3273 os
335 3225 476 3285 hospitality
487 3224 583 3273 existed
594 3226 618 3272 in
629 3224 724 3272 ancient
736 3223 817 3279 times,
830 3230 872 3270 not
883 3221 940 3283 only
948 3223 990 3272 be·

67 3289 150 3330 tween
160 3283 314 3339 individuale,
327 3285 372 3332 but
383 3284 434 3332 aleo
445 3287 558 3333 between
569 3293 655 3342 states,
665 3283 712 3332 and
723 3284 836 3331 between
846 3281 991 3333 individuale

67 3340 212 3447 andstptfs.
246 3343 294 3391 See
306 3343 337 3392 vi.
349 3347 372 3401 5,
386 3344 427 3392 vii.
437 3347 475 3394 75.
500 3408 516 3442 D
560 3351 563 3357 ’
