2146 3704
472 115 564 157 arana
584 117 624 157 vr.
678 138 681 141 ,
951 100 1009 161 159

84 233 130 295 tur,
155 224 312 295 repentinae
336 223 493 280 incursionis
521 227 617 280 timore
641 225 755 280 sublato.
790 226 881 286 Quum
902 227 1008 283 bellum

82 296 178 349 civitas
197 303 244 348 aut
265 296 368 350 illatum
389 295 518 365 defendit,
540 305 587 350 aut
607 296 696 366 infert,
715 296 894 366 magistratus,
936 298 962 352 ui
982 315 1008 352 er

80 364 151 419 bello
163 365 289 435 praesint,
304 373 333 418 ut
344 366 417 418 vitae
430 366 558 434 necisque
574 366 874 445 habeantpotestatem,
887 315 1008 436 dedigun·

80 443 130 488 tur.
167 435 198 488 In
211 452 278 505 pace
293 434 382 488 nullus
394 446 435 487 est
447 436 598 488 communis
615 445 794 505 magistratus,
808 434 856 488 sed
874 436 1008 508 principes

78 505 218 573 regionum
242 513 323 573 atquc
351 521 478 574 pagorum
502 505 570 558 inter
594 522 655 558 suos
677 505 721 575 jus
744 505 835 559 dicunt
858 516 1006 559 controver-

79 573 189 643 siasque
201 575 342 628 minuunt.¹
377 574 527 628 Latrocinia
540 575 641 628 nullam
656 576 757 629 habent
775 575 922 644 infamiam,
937 592 1006 646 quae

78 654 155 697 extra
172 643 241 696 fines
258 643 389 713 cujusque
407 644 523 697 civitatis
535 645 601 698 fiunt
608 661 616 714 ;
634 655 715 714 atque
728 662 761 698 ea
771 645 920 715 juventutis
932 661 1007 698 exer-

78 713 183 767 cendae
195 730 228 766 ac
239 713 360 766 desidiae
371 713 533 767 minuendae
545 731 628 768 causa
638 715 696 768 fieri
707 715 871 785 praedicant.
907 716 1005 794 Atque,

77 781 125 836 ubi
144 784 205 852 quis
224 783 439 852 exprincipibus
457 783 485 836 in
502 785 614 837 concilio
634 785 700 838 dirit
718 802 747 838 se
765 784 863 838 ducem
882 783 946 853 fore,
960 801 1006 855 qut

78 853 157 922 sequi
176 852 267 921 velint,
289 853 476 921 profiteantur3
499 864 661 922 consurgunt
684 855 711 925 ii,
731 855 777 924 qui
800 863 827 908 at
847 871 959 908 causam
978 860 1006 907 et

78 920 218 976 hominem
237 921 355 992 probant,
378 927 509 992 suumque
532 923 661 978 auxilium
685 924 842 994 pollicentur
864 932 946 995 atque
969 923 1005 978 ab

77 990 250 1045 multitudine
267 991 466 1046 collaudantur:
488 993 533 1062 qui
552 1010 586 1046 ex
604 993 638 1046 iis
655 993 742 1047 secuti
758 1011 811 1047 non
830 1002 899 1063 sunt,
913 995 940 1046 in
959 993 1006 1046 de-

78 1069 210 1115 sertorum
232 1079 266 1114 ac
289 1061 450 1131 prodi-torum
480 1079 591 1124 numero
615 1062 748 1117 ducuntur
771 1063 946 1132 omniumque
971 1062 1004 1116 iis

77 1145 168 1184 rernm
197 1140 291 1200 postea
319 1131 387 1186 fides
416 1131 565 1201 derogatur.
609 1133 735 1203 Hospites
757 1132 857 1187 violare
886 1133 927 1186 fas
952 1149 1005 1187 non

76 1208 187 1270 putant,
212 1202 259 1270 qui
281 1218 389 1270 quaque
414 1201 449 1254 de
475 1219 557 1255 causa
582 1202 617 1256 ad
642 1220 689 1256 eos
706 1204 834 1274 venerint,
853 1202 888 1257 ab
909 1200 1006 1273 injuria

76 1269 218 1349 prohibent
242 1271 410 1349 sanctosque²
433 1271 550 1347 habent;
580 1272 612 1324 iis
635 1273 756 1326 omnium
781 1273 879 1325 domus
901 1279 1003 1343 patent,

76 1349 218 1410 victusque
230 1348 450 1394 communicatur.

111 1414 155 1463 24.
177 1412 219 1463 Ac
239 1410 290 1464 fuit
310 1417 390 1462 antea
409 1418 525 1478 tempus,
544 1426 628 1478 quum
648 1410 797 1462 Germanos
819 1408 890 1462 Galli
907 1409 1004 1462 virtute

77 1488 240 1550 superarent,
262 1479 329 1532 ultro
350 1478 423 1532 bella
444 1479 579 1548 inferrent,
600 1487 705 1549 propter
723 1479 864 1532 hominurn
884 1478 1004 1532 multitu·

76 1547 170 1603 dinem
192 1550 302 1619 agrique
331 1549 449 1617 inopiam
480 1559 551 1601 trans
571 1549 695 1602 Rhenum
715 1548 833 1602 colonias
856 1550 1002 1603 mitterent.

76 1619 169 1689 Itaque
193 1636 234 1688 ea,
259 1635 328 1688 quae
352 1618 517 1671 fertilissima
541 1628 609 1688 sunt,
634 1618 795 1672 Germaniae
818 1618 878 1671 loca
902 1618 1003 1672 circum

75 1688 240 1759 Hercyniam
252 1689 349 1741 silvam
363 1688 456 1757 (quam
475 1688 654 1741 Eratostheni8
666 1698 693 1740 et
711 1687 873 1757 quibusdam
892 1686 1004 1741 Graecia

76 1757 148 1812 fama
160 1767 252 1811 notam
264 1775 325 1810 esse
337 1757 422 1825 video,
436 1774 519 1826 quarn
531 1757 569 1810 illi
581 1758 723 1828 Orcyniam
741 1759 889 1830 appellant)
901 1756 1002 1811 Volcae

75 1826 238 1896 Tectosages
255 1838 452 1896 occupaverunt
470 1835 550 1897 atque
570 1828 606 1881 ibi
624 1828 810 1882 consederunt.
846 1829 922 1888 Quae
933 1844 1002 1896 gens

74 1896 107 1951 ad
126 1897 179 1950 hoc
197 1906 305 1966 tempus
322 1898 354 1949 iis
372 1896 483 1950 sedibus
501 1915 561 1950 sese
579 1899 696 1952 continet
715 1901 906 1980 summamque
918 1897 1001 1951 habet

73 1965 191 2036 justitiae
203 1975 230 2020 et
242 1966 356 2020 bellicae
369 1965 456 2018 laudis
467 1967 619 2036 opinionem
626 1970 643 2023 :⁴
661 1986 732 2022 nunc
744 1986 851 2039 quoque
863 1987 890 2022 m
903 1966 1000 2021 cadem

74 2037 170 2106 inopia,
190 2045 318 2104 egestate,
338 2038 477 2104 patientia⁵
494 2054 548 2105 qua
566 2038 702 2108 Germani,
723 2047 889 2108 permanent,
902 2037 1000 2090 codem

73 2106 145 2160 victu
158 2115 185 2159 et
198 2105 272 2158 cultu
285 2105 400 2173 corporis
417 2113 540 2173 utuntur,
559 2107 644 2159 Gallis
661 2117 753 2161 autem
772 2108 924 2176 provinciae
941 2123 999 2176 pro·

72 2176 208 2246 pinquitas
225 2182 252 2227 et
272 2175 507 2228 transmarinarum
523 2192 611 2228 rerum
630 2176 721 2229 notitia
739 2176 823 2229 multa
840 2177 874 2228 ad
894 2177 999 2254 copiam

72 2254 152 2316 atque
164 2261 229 2298 usus
241 2244 357 2313 largitur.
394 2244 538 2297 Paullatim
549 2244 699 2298 adsuefacti
712 2245 839 2314 superari,
852 2245 999 2315 multrsque

71 2315 136 2370 victi
147 2314 264 2386 proeliis,
277 2332 312 2368 ne
325 2331 355 2367 se
368 2314 479 2384 quidem
490 2314 542 2384 ipsi
553 2331 618 2367 curn
629 2314 683 2366 illis
694 2315 791 2367 virtute
803 2323 969 2384 comparant.

98 2490 249 2548 ¹ftfiaaaot,
266 2490 339 2550 ‘they
350 2489 466 2538 diminish
479 2489 521 2537 the
537 2491 641 2538 number
651 2487 679 2537 of
691 2488 827 2547 lawsuits5’
844 2490 951 2551 namely,
964 2492 999 2552 by

70 2550 184 2614 bringing
194 2553 268 2599 about
279 2550 398 2599 amicable
409 2559 591 2610 arrangements
603 2551 717 2597 between
727 2548 769 2596 the
780 2549 927 2608 disputante.

98 2636 223 2684 'Sanctus
235 2637 256 2684 is
269 2635 434 2691 ‘inviolable,'
447 2634 494 2682 and
510 2635 530 2682 is
547 2634 598 2682 said
615 2633 643 2682 of
654 2650 711 2683 men
727 2634 774 2683 and
789 2634 872 2697 things
888 2635 941 2685 that
957 2652 997 2686 aro

69 2695 148 2744 under
159 2696 200 2743 the
212 2695 317 2755 especial
329 2695 464 2755 protection
474 2693 502 2742 of
513 2694 556 2742 the
566 2694 635 2755 gods.

98 2782 286 2832 'Eratosthenes
300 2783 328 2830 of
342 2783 438 2844 Cyrene
450 2798 501 2830 was
518 2797 564 2830 one
581 2780 610 2830 of
622 2781 664 2831 the
681 2791 746 2832 most
763 2783 860 2831 learned
877 2799 935 2832 men
950 2783 997 2832 and

86 2852 178 2891 reatest
195 2843 358 2903 geographers
375 2842 403 2890 of
416 2842 551 2903 antiquity3
574 2842 605 2889 he
622 2858 673 2890 was
691 2845 752 2891 born
768 2843 791 2890 in
810 2858 833 2890 Β.
846 2857 867 2890 o.
879 2846 933 2898 276,
949 2842 998 2891 arrd

69 2858 125 2951 died
136 2902 162 2950 in
173 2917 197 2950 a.
210 2916 230 2949 c.
244 2905 295 2958 192,
308 2902 398 2962 having
412 2903 475 2950 been
492 2901 605 2961 librarian
622 2902 650 2949 of
663 2901 723 2963 king
734 2902 849 2961 Ptolcmy
860 2901 997 2961 Euergetes

68 2971 94 3010 at
105 2960 257 3010 Alexandria
267 2962 292 3009 in
303 2961 394 3022 Egypt.

98 3050 108 3078 ⁴
121 3047 211 3110 Opinio
221 3046 279 3096 here
290 3049 311 3096 is
325 3048 496 3107 ‘reputation,’
511 3047 592 3098 which
603 3046 708 3095 consiste
720 3046 745 3094 in
755 3045 797 3094 the
808 3044 907 3105 opinion
915 3045 997 3098 which

68 3107 156 3169 people
166 3108 287 3156 entertain
297 3107 325 3156 of
336 3108 413 3156 thern.

97 3191 242 3244 'Patientia
252 3193 274 3245 ie
285 3194 327 3246 the
341 3193 448 3258 ‘patient
459 3195 507 3245 und
516 3194 644 3256 voluntary
657 3193 798 3245 endurancn
808 3192 838 3243 oi
846 3193 995 3252 barnabas}
