2146 3704
64 250 126 318 ¹15⁰
373 272 414 313 on
436 270 533 313 arico
553 268 689 315 osamco.
747 326 750 331 Ι

65 383 219 454 suspicatus
235 381 378 453 Labienus,
394 388 424 437 ut
442 397 538 435 omncs
553 381 621 434 citra
637 378 741 435 flnmeu
758 381 878 454 eliceret,
896 382 999 441 cadem

63 468 133 508 neus
145 452 313 507 simulatione
325 452 435 521 itineris,
449 451 564 522 placide¹
575 450 799 522 progrediebatur.
826 452 907 524 Tum,
919 469 998 526 prae·

64 523 162 578 missia
178 522 300 594 paullum
318 521 521 592 impedimentis
537 529 619 592 atque
636 519 666 575 in
685 521 790 575 tumulo
805 522 927 592 quodam
942 523 999 578 col·

65 593 168 665 locatis,
189 593 310 664 Habetis,
334 592 427 672 inquit,
451 591 561 665 milites,
580 606 668 661 quam
690 591 795 661 petistis
816 590 997 650 serenitatem:

63 662 173 718 bostem
184 663 314 734 impedito
325 671 408 732 atque
419 661 510 731 iniquo
522 660 581 714 loco
592 661 705 714 tenetis:
718 667 854 730 pmestate
866 663 998 720 eamdem

62 735 144 788 uobis
154 733 271 803 dacibus
281 732 514 801 virtutemqnarn
532 745 729 799 saepenumero
739 730 997 803 imperatoripraos-

64 803 172 858 titistia:
186 802 365 865 adesseeuin
376 808 404 854 et
416 800 487 854 baec
496 815 588 853 coram
600 815 711 854 cernere
722 800 886 855 existimate.
909 803 997 859 Simul

64 873 144 943 signa
162 872 197 926 ad
208 871 324 925 bostem
342 869 463 923 converti
485 870 631 939 amaraque
644 869 729 950 dirigi
746 868 832 941 jubet,
847 879 881 925 et
898 873 996 943 paucis

63 943 162 996 tunnis·
180 940 314 1021 praesidio
332 939 369 995 ad
388 937 585 1010 impedimenta
603 938 730 1010 dimissis,
751 939 995 1012 reliqnoeequites

60 1011 100 1064 ad
118 1011 203 1075 lutera
220 1008 346 1080 disponite·
382 1008 511 1064 Celeriter
529 1009 613 1065 nostri
631 1009 751 1064 clamore
768 1008 876 1064 sublato
891 1011 949 1082 pila
965 1013 994 1068 in

61 1081 164 1136 beatas
180 1080 339 1135 immittunt.
374 1079 417 1133 Illi
440 1078 487 1134 ubi
505 1087 613 1150 praeter
631 1095 717 1150 spem,
735 1093 804 1148 qnos
821 1079 993 1149 sugerente-

61 1150 174 1222 debant,
185 1149 293 1205 infestis
303 1149 434 1231 signisad
446 1166 477 1203 se
489 1150 528 1203 ire
535 1148 669 1271 viderunt,
679 1149 812 1219 impeturn
821 1150 916 1232 modo*
923 1151 993 1208 ferre

62 1233 118 1276 uon
137 1226 287 1291 potuerunt,
306 1236 340 1273 ao
357 1236 443 1290 primo
461 1235 592 1273 concursu
609 1236 638 1273 in
667 1234 750 1287 agam
766 1227 891 1291 coniecti,
906 1222 992 1293 proxi·

61 1304 126 1352 ruas
142 1290 224 1343 silvas
241 1289 407 1359 petiverunt:
428 1304 497 1359 quos
513 1289 651 1343 Labienus
670 1288 794 1358 equitatu
811 1298 990 1364 consectatua

146 1375 163 1411 ο
185 1375 297 1413 numero
320 1359 470 1430 interfecto,
491 1358 674 1430 compluribus
696 1358 790 1428 captis,
814 1361 911 1428 paucis
932 1369 992 1432 post

61 1375 162 1485 diffie
181 1429 329 1484 civitatem·
348 1430 464 1500 recepit:
483 1446 548 1483 uam
567 1427 702 1499 Germani,
723 1429 770 1498 qui
789 1429 890 1483 auxilio
901 1431 991 1485 vanie-

62 1498 136 1571 bapt,
158 1507 286 1581 percepta
304 1500 476 1554 Trevirorum
498 1499 572 1570 luga,
593 1514 656 1552 sese
678 1497 792 1552 domum
812 1499 990 1565 coutuleruna

62 1569 133 1624 Guru
152 1571 187 1624 iis
205 1570 347 1641 propinqui
366 1569 549 1640 Indutiomari,
567 1568 615 1639 qui
631 1568 793 1622 delectionis
808 1577 936 1624 auctores
950 1571 991 1625 su·

51 1646 146 1710 erant,
160 1640 281 1693 comitati
293 1654 348 1720 coe,
360 1656 397 1693 ex
413 1640 521 1694 civitate
538 1655 690 1692 excessere.
725 1638 895 1709 Cingetorigi,
908 1656 991 1711 quem

61 1708 98 1763 ab
115 1709 192 1763 initio
208 1724 390 1780 permansisse
407 1710 435 1762 iu
452 1709 541 1763 officio
553 1707 803 1779 demonstravimus,
816 1709 991 1781 principatus*

61 1782 145 1849 utque
156 1779 303 1850 imperium
315 1787 356 1833 est
368 1776 505 1833 traditum.
648 1788 650 1793 ’
675 1792 677 1797 ·
962 1814 966 1819 -

69 1875 75 1883 ‹
97 1853 123 1902 a.
141 1849 241 1902 Caesar
260 1856 320 1928 post
339 1856 403 1901 uam
424 1865 459 1902 eii
478 1848 615 1918 Menapiis
633 1846 662 1901 in
681 1847 805 1902 'lberime
822 1848 905 1920 veuit,
924 1849 989 1905 dua·

60 1915 113 1971 biis
135 1917 170 1969 da
196 1918 334 1970 causisR
354 1933 437 1970 enum
466 1917 576 1970 transire
606 1917 757 1981 constitnit:
788 1933 905 1987 quarum
931 1927 990 1974 crat

60 1985 153 2055 altera,
172 1985 245 2055 quod
261 1984 362 2038 emilia
381 1995 473 2038 contra
492 2002 522 2038 se
542 1986 661 2038 Treviris
677 1988 824 2056 miserant5
841 1987 898 2052 alte
954 2006 989 2044 ue

59 2054 201 2111 Ambiorix
219 2052 254 2107 ad
274 2069 322 2106 eos
343 2063 483 2122 receptum
502 2053 623 2107 haberet.
661 2055 710 2109 His
729 2056 880 2111 constitutis
899 2075 928 2112 re
947 2074 988 2130 us,

59 2123 181 2247 pfleullum
192 2138 274 2194 supra
285 2138 350 2176 eum
361 2123 452 2178 locum
472 2139 526 2193 quo
543 2131 607 2176 ante
621 2126 772 2179 exercitum
783 2125 991 2200 transduxerat,‘

87 2208 151 2247 cere
162 2201 273 2264 pontem
290 2193 414 2246 institnit.
466 2194 522 2247 'ota
532 2202 614 2263 atque
625 2193 747 2249 instituta
758 2195 880 2267 ratione,⁶
890 2207 990 2268 magno

58 2263 178 2318 militurn
189 2263 286 2335 stiidio,
298 2263 393 2334 paucis
410 2261 508 2318 diebus
525 2279 592 2333 opus
609 2264 734 2318 efficitur.
770 2265 861 2319 Firmo
877 2266 907 2320 in
923 2268 989 2322 Tre·

58 2333 123 2391 stris
141 2333 273 2404 praesidio
290 2333 326 2407 ad
335 2341 454 2404 >pentem
473 2333 571 2404 relicto,
584 2350 619 2387 ne
632 2335 694 2404 quis
704 2334 741 2389 ab
752 2334 886 2391 iis‘subiio
897 2350 995 2404 motus,

57 2402 177 2474 oriretur,
191 2403 308 2474 reliquas
325 2404 417 2473 copias
434 2403 638 2473 equitatumque
657 2403 814 2459 transducit.
833 2405 922 2479 'Ubii,
940 2408 988 2478 qui

57 2481 122 2528 ante
133 2473 243 2528 obsides
253 2473 385 2528 dederant
397 2481 479 2543 atque
490 2473 518 2527 in
529 2472 694 2528 deditionem
705 2483 844 2547 venerant,
852 2477 986 2548 purgandi

90 2624 217 2715 *Placide
232 2656 361 2719 ‘quietly,’
374 2673 402 2707 or
414 2657 563 2719 ‘leisnrely.’
962 2709 965 2713 ,

88 2729 201 2798 'Madv
214 2732 267 2779 that
276 2732 307 2789 is,
321 2731 526 2789 ‘inomausura'
536 2746 565 2782 or
577 2732 731 2796 ‘onlyjusa’
740 2733 830 2786 sothat
839 2735 986 2789 itisalmost

58 2788 296 2850 equrralenttoor'c,
312 2789 454 2857 ‘'scarcely!
587 2852 590 2856 Δ
635 2831 637 2837 .
755 2834 756 2839 ,

59 2902 63 2911 .
87 2859 98 2890 ³
109 2858 236 2927 Civitatem
246 2862 267 2911 is
277 2861 376 2923 oulyau
384 2862 540 2932 explanation
550 2864 579 2914 of
585 2864 628 2934 the
654 2866 768 2930 recediug
776 2883 845 2933 quos,
854 2869 988 2934 indication

58 2917 113 2969 tbat
123 2920 279 2982 byquosrbe
290 2920 371 2991 whole
388 2930 452 2970 state
470 2938 491 2972 is
508 2933 600 2991 meant.
655 2925 688 2976 he
699 2928 757 2977 verb
773 2929 987 2991 reciperedenotrr

58 2979 102 3039 the
112 2994 229 3041 reeovsry
239 2995 267 3039 or
276 2980 404 3042 reduction
413 2980 442 3030 ol
449 2997 464 3030 a
473 2982 557 3042 untion
566 2983 707 3036 whicb'had
718 2986 800 3037 before
810 2987 934 3048 revolted.

61 3111 67 3124 ,
88 3052 266 3124 ‘Priapiparrrr
276 3054 298 3104 is
308 3053 351 3123 the
367 3053 454 3117 lriugly
464 3071 491 3104 ur
501 3056 610 3127 priuoely
620 3058 724 3126 dignity‚
736 3060 848 3112 whereas
864 3064 987 3127 murium

59 3127 82 3171 re
92 3113 135 3164 the
146 3114 254 3176 military
264 3130 347 3179 power
357 3115 493 3176 connected
502 3117 564 3166 with
575 3126 601 3167 it.

89 3187 156 3237 {See
167 3187 199 3238 ir.
212 3191 249 3240 17.

53 3259 217 3369 hafflig?
229 3278 258 3311 as
268 3262 310 3313 tlie
321 3263 461 3315 monuerat
472 3263 574 3325 making
584 3279 600 3314 a
609 3265 694 3329 bridge
705 3283 757 3319 was
767 3241 870 3328 lrnowu,
881 3268 929 3321 aod
939 3265 985 3319 tino
