2146 3704
90 239 149 302 rat
393 257 435 298 na
456 258 554 300 nunno
575 255 712 298 embron.

88 384 173 439 quum
192 369 280 438 capite
299 367 356 422 solo
374 384 408 421 ex
426 384 498 437 aqua
516 374 659 436 exstarent,
672 373 702 421 ut
721 365 814 420 hostes
831 365 966 436 impeturn
977 365 1017 420 le-

85 438 197 506 gionum
209 448 291 508 atque
304 438 427 508 equitnm
445 438 578 491 sustinere
596 453 650 491 nnn
667 443 777 508 possent
789 435 914 508 ripasque
925 435 1016 491 dimit·

89 503 185 561 teren't‘
196 525 230 561 ac
241 524 271 560 se
283 508 363 576 fugae
375 506 543 575 mandarent.

100 590 101 595 ’
127 582 167 631 19.
186 577 411 648 Cassivellaunus,
436 586 466 630 ut
492 593 573 647 snpra
595 574 846 645 demonstravimus,
871 575 946 630 omni
969 576 1017 630 de·

88 647 176 718 posita
193 665 242 718 spe
260 647 456 716 contentionis,¹
467 645 585 699 dimissis
601 644 777 715 amplioribus
794 645 885 715 copiis,
904 645 1018 700 milibus

89 717 195 788 circiter
206 725 319 786 quatuor
330 716 527 769 essedariorum
544 715 653 786 relictis,
664 715 758 768 itinera
774 724 864 768 nostra
882 715 1019 783 servabat·

87 787 284 857 paululumque
297 802 331 840 ex
342 785 386 838 ria
405 785 562 854 excedebat,
576 784 696 865 locisque
715 782 852 854 impeditis
869 800 904 837 ac
922 785 1016 839 silves·

89 856 175 910 tribus
194 872 255 908 sese
275 854 427 908 occultabat
445 863 527 923 atque
545 855 579 906 iis
599 852 759 924 regionibus,
779 852 879 922 quibus
897 870 948 908 nos
967 855 1021 909 iter

89 925 205 978 isauros
216 932 383 993 cognoverat,
397 940 494 994 pecora
505 932 587 994 atque
605 923 728 976 homiues
747 939 782 975 ex
799 923 870 992 agris
888 923 1019 978 insilras

89 993 288 1064 compellebat:
313 1000 340 1046 et
360 1009 445 1062 quum
468 992 604 1062 equitatus
626 1000 717 1046 noster
734 991 846 1045 liberius
869 993 1017 1062 praedandi

89 1062 267 1131 vastandique
279 1078 361 1115 causa
379 1078 409 1114 se
428 1062 456 1116 in
473 1077 550 1130 agros
568 1061 727 1132 effunderet,
740 1062 867 1115 omuibus
875 1063 929 1116 uiis
945 1063 1020 1117 notis

89 1132 247 1202 semitisque
259 1131 410 1184 essedarios
421 1149 455 1185 ex
467 1131 543 1184 silvis
560 1131 700 1184 emittebat
712 1138 740 1183 et
750 1147 848 1200 magno
866 1147 931 1185 oum
948 1132 1020 1202 peri

89 1203 150 1256 culo
161 1211 338 1256 nostrorume
358 1202 447 1254 uitnrn
458 1217 523 1253 oum
540 1200 574 1253 iis
591 1200 760 1270 confligebat,
772 1208 854 1269 atque
871 1199 924 1254 hoc
940 1210 1020 1257 metu

60 1304 74 1330 s
88 1270 169 1325 latius
186 1271 278 1340 uagari
300 1286 348 1340 pro
368 1270 468 1324 ibebat.
510 1269 726 1339 Relinquebatur,
747 1277 777 1322 nt
800 1286 888 1340 neque
912 1269 1020 1341 longius

88 1339 125 1394 ab
142 1339 251 1409 agmine
269 1339 406 1408 legionum
422 1338 525 1392 discedi
543 1340 641 1392 Caesar
658 1347 800 1419 pateretur,
819 1347 846 1392 et
865 1347 973 1394 tantum
989 1343 1019 1396 iu

89 1411 160 1481 agris
188 1409 327 1463 vastandis
345 1408 532 1480 incendiisque
552 1408 684 1462 saciendrs
716 1407 837 1462 hostibus
865 1418 1018 1483 noceretur,

89 1487 222 1552 quantum
233 1478 324 1534 labore
336 1486 418 1551 atque
430 1479 524 1533 itinere
541 1478 681 1548 legionarii
697 1477 799 1532 milites
816 1477 925 1533 efficere
942 1489 1019 1552 pote·

89 1558 176 1604 ranis
853 1562 868 1572 ‘

126 1625 168 1673 20.
186 1619 297 1674 Interim
309 1618 503 1700 Trinobantes,‘
513 1634 559 1688 pro
606 1616 759 1671 firmissima
770 1633 865 1670 aarum
876 1619 1019 1688 regionum

90 1688 193 1759 civitas,
206 1707 241 1743 ex
252 1705 306 1760 qua
316 1687 524 1742 Mandubratrns
534 1705 551 1740 a
569 1688 698 1758 olescens,
712 1686 929 1742 Caesaris-tidem
941 1705 1018 1744 seon·

90 1766 141 1830 tus,
162 1759 197 1813 ed
218 1776 283 1813 euru
306 1758 333 1812 in
357 1759 538 1812 coutinentem
558 1757 675 1811 Galliam
695 1759 814 1810 venerat‘
833 1755 923 1828 (cu’us
941 1766 1021 1828 pater

89 1828 277 1883 lmannentins
295 1828 323 1881 in
341 1844 375 1881 ea
386 1827 495 1882 civitate
507 1844 621 1896 regnum
638 1825 788 1880 obtinuerat
805 1826 874 1879 inter
885 1834 1019 1898 actusque

90 1905 148 1950 erat
159 1915 176 1950 a
188 1897 404 1966 Cassiuellauno,
422 1897 480 1967 ipse
498 1896 562 1964 suga
578 1905 694 1949 mortem
704 1895 847 1965 vitaveratl
859 1895 964 1965 legatos
981 1898 1018 1953 ad

91 1967 234 2020 &osorem
246 1967 355 2019 mittunt
366 1965 525 2036 pollicentur
545 1982 586 2036 ne,
600 1981 661 2017 sese
673 1965 699 2016 ei
711 1965 848 2018 dedituros
866 1974 949 2036 atque
967 1967 1019 2022 im-

90 2043 185 2106 perata
201 2035 336 2088 facturos:
354 2041 467 2104 pettunt,
486 2041 515 2086 ut
566 2033 755 2088 andubratinm
771 2034 808 2088 ab
824 2033 920 2104 injuria
931 2037 1022 2091 Cassi·⁴

90 2104 210 2162 rollanni
221 2103 351 2156 defendat
369 2111 452 2171 atque
471 2103 498 2156 in
518 2103 657 2156 civitatem
674 2103 770 2175 mittat,
784 2104 831 2174 qui
848 2106 950 2174 praesit
968 2107 1021 2162 im-

90 2175 249 2245 periumque
272 2171 398 2226 obtineat.
442 2171 492 2225 llis
514 2173 611 2226 Caesru
632 2173 745 2243 imperat
768 2173 875 2227 obsides
897 2193 944 2230 xo.
964 2175 1019 2231 frn-

90 2251 270 2314 mentumque
288 2241 427 2313 exercitui,
440 2241 714 2312 Mandubratiumque
731 2243 766 2296 ad
784 2259 831 2296 eos
847 2243 937 2298 mittit.
975 2247 1020 2301 Illi

91 2313 224 2392 imperata
235 2311 357 2366 celeriter
368 2312 495 2384 lecerunt,
504 2312 612 2366 obsides
623 2313 658 2366 ed
670 2315 822 2367 numerum⁸
829 2312 1021 2388 frumentaque

90 2391 230 2437 mrsernut.

127 2456 170 2506 21.
188 2451 397 2507 Trinobantibus
412 2449 534 2506 delensis
550 2457 632 2522 atque
643 2449 683 2504 ab
690 2450 764 2504 omni
782 2451 909 2507 militurn'
920 2453 1019 2525 injuria

121 2631 265 2682 ¹Dimittere
274 2633 333 2682 here
344 2632 462 2695 significo,
478 2638 519 2681 ‘to
529 2632 671 2694 relinquish'
684 2649 711 2683 or
723 2635 871 2684 ‘abandom'
964 2679 968 2685 ,

120 2705 206 2755 'Tan
217 2707 248 2764 is,
263 2706 306 2754 ‘of
317 2707 359 2754 the
370 2721 470 2755 success
480 2706 509 2754 ol
520 2723 535 2754 a
544 2707 675 2769 struggle?

121 2776 250 2836 'Servare
266 2783 307 2826 ‘to
317 2778 398 2827 watoh
409 2777 521 2839 closely.'

121 2851 197 2899 ‘The
214 2851 377 2899 Trinobantes
393 2851 519 2899 inhabited
536 2852 579 2901 the
598 2853 700 2902 modern
718 2863 808 2915 connty
822 2854 851 2904 of
862 2855 952 2915 Essex,
966 2857 1019 2908 'aud

92 2910 158 2961 their
167 2909 265 2970 capital,
280 2909 488 2968 Camulodunum,
500 2911 575 2960 isthe
586 2912 689 2962 modern
697 2921 765 2962 town
777 2913 806 2962 ol
818 2913 972 2966 Colohester.

121 3000 262 3061 ‘Compare
273 2999 305 3048 iv.
317 3002 355 3048 21.
421 3001 423 3007 ’

122 3087 280 3144 'Numerum
298 3085 388 3148 supply
397 3088 565 3145 marcatum
583 3087 636 3138 that
652 3088 682 3146 is,
697 3088 771 3150 ‘they
787 3098 842 3138 sent
859 3089 976 3153 hostanes
991 3100 1021 3140 to

93 3147 136 3197 the
147 3156 247 3197 amount
258 3146 370 3208 required
380 3145 408 3195 of
420 3146 505 3196 them)

113 3235 133 3303 J
141 3233 253 3286 Militum
262 3234 284 3284 is
294 3251 309 3284 a
319 3233 455 3297 subiectire
465 3233 586 3297 genitive:
605 3233 682 3284 ‘aon
692 3233 725 3284 all
735 3233 815 3297 injury
822 3233 905 3286 which
913 3235 957 3286 tho
967 3201 1017 3286 scl-

94 3291 159 3343 drsrs
169 3294 248 3356 might
259 3294 335 3344 inflict
346 3309 413 3355 upon
421 3292 507 3343 them’
