2146 3704
80 248 121 319 'tt
390 271 431 312 os
452 268 550 310 sasso
570 267 708 309 asiarco.

81 375 248 452 ducerentur,
258 381 381 451 quamvis
392 378 526 432 fortunam
536 395 554 431 s
565 377 661 448 populo
673 378 792 432 Romano
803 375 867 446 pati,
876 391 960 446 quara
971 375 1008 432 ab

81 444 126 500 bis
137 466 185 519 per
196 450 344 510 cruciatum
355 448 476 518 interfici,
488 449 558 501 inter
569 463 635 516 quos
647 446 777 500 dominari
788 454 971 499 consuessent.

117 523 159 571 ³2.
178 518 221 572 Ad
234 519 302 573 haec
314 521 412 573 Caesar
429 517 579 588 respondit:
598 533 628 570 ss
640 517 728 584 magis
746 515 938 568 consuetudine
951 532 1007 587 sua,

83 601 166 656 quam
182 590 279 642 merito
297 605 390 642 eorum
403 588 542 641 civitatem
558 592 783 654 conservaturum,
797 585 820 637 si
832 585 913 656 prius,
926 601 1010 655 quarn

82 671 191 709 murum
204 659 276 711 aries
293 659 431 727 attigisset,
445 671 475 708 se
487 654 652 709 dedidissent
659 651 676 725 ς’
686 653 734 707 sed
746 653 890 707 deditionis
907 655 1011 707 nullam

83 740 144 778 esse
162 726 349 798 conditionem,
362 727 414 780 nisi
432 724 514 778 amris
532 724 645 777 traditis.
680 724 714 777 Se
731 723 766 792 id,
780 723 889 792 quadiu
902 724 1012 778 Nerviis
1066 730 1068 734 '

83 791 212 865 fecisset,¹
226 796 360 849 facturum
376 795 552 863 finitimisque
570 793 770 863 imperatumm,
783 809 818 844 ne
835 808 918 862 quam
934 792 1012 846 dedi·

83 862 154 917 ticiis
172 865 262 943 populi
276 865 388 919 Romani
405 863 530 933 injuriam
546 863 682 916 inferrent.
717 861 881 915 Renuntiata‘
893 861 928 914 ad
947 877 1012 915 suos

84 946 153 1010 quae
172 941 372 1014 imperarentur,
387 933 476 986 lacere
494 931 626 985 dixerunt.
664 934 809 985 Arrnonrm
824 947 924 999 magna
940 931 1011 984 mul·

85 999 197 1054 titudine
215 1001 250 1056 de
268 1019 345 1055 muro
364 1020 390 1056 ur
409 1001 518 1070 fossam,
531 1017 601 1070 quae
621 1008 678 1054 erat
694 1009 758 1053 ante
776 998 910 1121 apsidum,
928 999 1009 1080 jacta,

85 1067 125 1123 sic
142 1078 172 1122 ιιι
192 1087 273 1142 prope
296 1088 433 1125 summam
455 1069 525 1124 muri
543 1070 710 1139 aggerisque²
728 1068 804 1122 altitu
824 1069 899 1122 inem
920 1085 1012 1122 accrvi

85 1153 220 1193 armorum
236 1140 424 1211 adaequarent,
438 1147 465 1193 et
483 1147 574 1192 tumen
591 1140 697 1192 circiter
713 1146 788 1209 parte
806 1137 890 1207 tertia,
903 1146 933 1191 ut
951 1153 1013 1208 pos·

86 1218 131 1260 tea
141 1219 314 1286 perspectum
324 1218 374 1280 est,
387 1209 475 1263 celata
486 1216 567 1278 atque
578 1207 606 1261 in
614 1207 711 1279 oppido
724 1215 834 1278 retenta,
843 1207 927 1278 portis
937 1215 1012 1278 pate·

85 1274 172 1347 sactis,
185 1293 218 1329 eo
230 1277 274 1332 die
286 1295 353 1349 pace
365 1288 425 1332 sunt
436 1278 488 1331 nsi.

120 1349 162 1399 ³³.
180 1346 235 1401 Sub
246 1364 390 1418 vesperum
398 1349 496 1401 Caesar
504 1354 592 1416 portas
603 1345 692 1399 claudi
703 1345 789 1399 milite
822 1361 857 1397 ue
869 1361 904 1398 cx
915 1345 1012 1415 oppido

85 1413 159 1468 exire
175 1414 263 1487 jussit,
284 1434 319 1470 ne
339 1434 421 1487 quarn
440 1423 521 1469 noctu
539 1415 664 1486 oppidani
682 1415 719 1469 ab
736 1414 815 1468 militi
833 1431 866 1467 us
889 1413 1013 1484 injuriam

84 1484 246 1564 acciperent.
282 1485 325 1540 llli
342 1495 405 1540 anto
423 1485 496 1555 inito,
508 1492 538 1537 ut
557 1483 725 1539 intellectum
743 1492 792 1554 est,
810 1483 928 1553 consilio,
942 1481 1014 1581 quod

85 1551 222 1608 deditione
240 1554 313 1608 lacta
330 1564 433 1609 nostros
450 1553 583 1624 praesidia
600 1553 760 1606 deducturos
778 1560 824 1606 aut
835 1552 953 1623 denique
975 1554 1015 1606 in·

85 1620 241 1690 diligentius
259 1633 409 1678 servaturos
424 1623 601 1693 crediderant,
617 1622 716 1692 partim
732 1639 796 1675 curn
815 1621 865 1692 his,
883 1638 955 1693 quae
974 1638 1014 1675 re-

86 1689 219 1745 tinuerant
237 1701 265 1746 et
283 1693 443 1763 celaverant,
456 1693 545 1762 armis,
557 1693 655 1762 partim
673 1691 756 1744 scutis
772 1707 807 1745 ex
824 1691 923 1745 cortice
934 1690 1016 1744 sactis

85 1760 303 1816 nutriminibus
326 1762 440 1832 intextis,
465 1777 534 1830 quse
558 1760 652 1830 subito,
677 1769 707 1814 nt
730 1761 858 1830 temporis
881 1761 1016 1829 exigrritas

85 1829 237 1898 postulabat
269 1831 386 1900 pellibus
412 1830 578 1901 induxerant,
604 1830 681 1883 tertia
703 1827 796 1897 vigilia
821 1846 875 1900 qua
901 1829 1014 1882 minime

85 1896 185 1950 arduus
206 1915 223 1950 a
261 1907 364 1952 nostras
386 1899 549 1952 munitiones
571 1913 701 1952 ascensus
719 1897 868 1968 videbatur,
889 1897 1016 1952 omuibus

86 1964 170 2034 copiis
189 1967 326 2035 repentino
344 1985 380 2021 ex
398 1967 495 2037 oppido
514 1967 682 2036 eruptionem
699 1966 830 2020 secemnt.
866 1966 1017 2035 Celeriter,‘

86 2041 201 2086 utente
225 2035 322 2088 Caeam
349 2036 500 2105 imperarat,
524 2034 631 2104 ignibus
654 2035 848 2105 significatione
875 2034 955 2105 facta,
979 2051 1017 2088 ex

55 2140 57 2144 ι
86 2102 215 2224 proximis
232 2104 351 2157 castellis
367 2121 400 2157 eo
418 2121 578 2158 concursum
594 2112 644 2174 est,
663 2112 864 2175 pugnatumque
882 2104 918 2159 ab
934 2104 1016 2158 hosti·

105 2187 138 2223 ns
156 2171 194 2224 ita
208 2172 306 2226 acriter
323 2183 372 2243 est,
384 2182 414 2227 nt
428 2191 445 2226 a
462 2173 526 2227 viris
544 2173 655 2227 sortibus
672 2174 700 2226 in
717 2183 838 2226 extrema
854 2190 903 2244 spe
922 2173 1017 2226 salutis

88 2238 177 2308 iniquo
188 2239 247 2294 loco
264 2249 356 2296 contra
373 2259 427 2324 eos,
441 2243 533 2313 quiex
544 2242 613 2296 vallo
633 2241 798 2312 turribusque
815 2243 871 2318 tela
887 2242 1014 2312 jacerent,

87 2309 199 2378 pugnari
217 2309 318 2380 debuit,
336 2329 401 2366 curu
419 2330 447 2366 ιιι
465 2328 519 2365 una
537 2312 634 2365 virtute
653 2312 742 2364 omnis
760 2327 825 2381 spes
843 2311 937 2365 salutis
954 2328 1016 2364 con·
1061 2361 1062 2364 ,

87 2377 203 2432 sisteret.
247 2380 349 2435 Occisis
371 2380 416 2434 ad‘
438 2381 580 2436 hominum
601 2381 713 2434 milibus
735 2392 847 2450 quatuor
870 2379 965 2450 reliqui
988 2380 1016 2432 in

87 2446 217 2517 oppidum
239 2448 331 2519 rejecti
355 2458 425 2503 sunt.
469 2449 599 2507 Postridie
622 2448 682 2519 ejus
704 2449 759 2503 diei
782 2449 903 2503 refractis
924 2449 1014 2520 portis,

87 2531 152 2570 cum
167 2515 226 2588 jam
245 2518 403 2574 detenderet
423 2535 513 2591 nemo,
531 2527 611 2591 atque
631 2519 790 2572 intromissis
807 2518 937 2572 militibus
955 2533 1016 2572 nos

117 2702 126 2731 ¹
136 2701 184 2750 See
195 2703 264 2762 cbap.
275 2707 314 2753 28.

117 2772 128 2800 ¹
137 2771 193 2821 The
203 2791 279 2842 agger
288 2776 346 2824 here
362 2777 503 2825 mentioned
513 2775 534 2824 is
545 2776 588 2825 the
599 2776 691 2826 mound
701 2774 857 2825 constructed
867 2777 901 2836 by
912 2774 953 2823 the
965 2773 1015 2822 Ro·

88 2841 168 2886 mans,
181 2832 262 2880 wbrch
272 2849 354 2884 seems
365 2844 391 2884 to
402 2835 464 2884 have
475 2837 539 2884 been
549 2835 638 2885 almost
655 2851 682 2885 as
697 2834 757 2897 high
768 2850 795 2884 as
805 2835 847 2883 the
858 2832 948 2882 double
958 2831 1015 2880 wall

88 2885 118 2936 of
128 2887 171 2936 tbe
182 2897 250 2938 town
260 2891 288 2938 of
300 2892 342 2940 the
353 2893 487 2942 Aduatuci.
867 2899 871 2905 '

118 2974 245 3038 'Denique
254 2977 312 3027 here
324 2978 369 3027 has
379 2979 422 3028 tbe
433 2979 548 3041 meaning
560 2979 588 3029 of
602 2984 641 3029 ‘at
653 2979 732 3029 least!

89 3065 366 3187 is,⁸⁸6:21„oariqqrwbelongs
380 3076 406 3116 to
417 3067 459 3116 the
470 3067 551 3116 words
566 3070 664 3131 ignitam
679 3068 855 3131 signficatiane
862 3067 947 3129 sactar
964 3063 1016 3112 that

118 3197 179 3247 ‘Aa
194 3198 214 3247 is
230 3198 288 3248 here
299 3199 361 3249 used
372 3216 398 3248 as
410 3215 441 3249 an
451 3198 551 3257 adverb,
564 3199 613 3249 lilrc
624 3202 724 3258 auda,
737 3199 783 3249 und
800 3198 868 3247 there
880 3197 901 3246 is
912 3211 944 3246 no
954 3192 1018 3244 used

90 3254 127 3306 tor
137 3256 259 3320 obanging
268 3261 363 3309 orditas
374 3259 426 3309 into
435 3260 510 3308 mita.
