2146 3704
465 257 558 298 arasa
578 259 599 299 1.
956 241 997 302 27

67 367 248 421 conveniant:
268 366 292 419 is
309 367 369 420 dies
389 375 446 420 erat
462 385 488 420 a.
506 367 533 421 d.
546 385 572 421 v.
591 367 650 420 Kal.
662 367 771 439 Aprilis,
790 368 820 420 L.
840 368 941 438 Pisone,
960 368 995 422 A.

67 437 184 491 Gabinio
196 435 369 490 consulibus.¹

102 512 128 560 7.
147 506 258 560 Caesari
265 523 351 576 quum
359 505 387 558 id
396 507 547 560 nuntiatum
559 514 640 574 esset,
649 523 697 559 eos
706 523 754 576 per
762 506 926 576 provinciam
937 524 996 560 nos·

69 586 137 634 tram
155 576 207 628 iter
223 575 315 628 facere
331 576 430 646 conari,
448 583 565 629 maturat
581 576 618 629 ab
636 576 702 629 urbe
720 576 851 655 proficisci
868 583 896 628 et
913 593 996 646 quarn

68 646 197 700 maximis
208 653 296 715 potest
308 645 450 699 itineribus
467 646 495 698 in
512 645 630 698 Galliam
648 645 802 698 ulteriorem
820 647 957 699 contendit
969 653 996 700 et

68 716 262 770 adGenevam²
272 715 403 784 pervenit.
434 715 590 768 Provinciae
600 715 646 767 toti
654 731 737 783 quam
751 715 901 770 maximum
909 721 997 784 potest

69 785 186 839 militum
205 801 350 838 numerum
368 785 492 855 imperat⁸
509 784 578 853 (erat
595 785 703 837 omnino
722 785 750 837 in
767 784 856 838 Gallia
873 784 997 838 ulteriora

69 854 139 922 legio
151 854 218 925 uua)
230 863 346 923 pontem,
357 855 403 923 qui
416 863 472 907 erat
480 853 515 906 ad
524 854 684 923 Genavam,⁴
693 853 770 923 jubet
783 854 906 907 rescindi.
942 853 996 908 Ubi

69 923 104 977 de
116 922 178 993 ejus
194 923 314 976 adventu
325 923 444 977 Helvetii
461 923 588 976 certiores
605 923 669 976 sacti
681 932 751 994 sunt,
764 924 867 992 legatos
883 923 918 976 ad
931 939 996 977 eum

37 1028 38 1031 =
68 993 178 1047 mittunt
201 993 383 1046 nobilissimos
406 993 527 1061 civitatis,
549 993 628 1063 cujus
650 993 792 1062 legationis
812 994 945 1047 Nameius
967 1001 996 1047 et

69 1061 248 1115 Verudoctius
256 1063 406 1132 principem
415 1062 505 1115 locum
512 1061 677 1133 obtinebant,
687 1064 734 1132 qui
741 1063 863 1117 dicerent
872 1063 925 1117 eibi
934 1079 996 1116 esse

70 1131 198 1184 inanimo
216 1132 275 1183 sine
293 1131 346 1184 ullo
359 1131 493 1184 maleficio
507 1131 558 1184 iter
604 1149 616 1184 r
628 1133 792 1201 provinciam
808 1131 906 1203 lacere,
919 1149 996 1203 prop-

70 1209 144 1254 terea
174 1201 227 1256 uod
239 1200 312 1253 aliud
325 1201 375 1253 iter
386 1200 516 1254 haberent
528 1217 563 1254 nu
577 1203 647 1255 lum:
667 1205 777 1273 rogare,⁸
791 1210 820 1256 ut
832 1202 893 1273 ejus
904 1203 996 1256 volun·

70 1279 126 1322 tate
149 1218 177 1323 dd
197 1269 248 1324 sibi
271 1269 361 1323 lacere
381 1269 471 1323 liceat.
516 1271 621 1351 Caesar,
641 1271 713 1341 quod
732 1272 864 1326 memoria
887 1271 997 1325 tenebat

70 1338 100 1392 L.
111 1339 235 1393 Cassium
247 1340 386 1392 consulem
397 1340 519 1393 occisum
531 1350 734 1410 exercitumque
747 1341 807 1410 ejus
817 1341 853 1394 ab
865 1341 997 1394 Helvetiis

70 1408 180 1479 pulsum
199 1418 226 1462 et
246 1408 297 1462 sub
315 1408 412 1478 jugum
429 1410 563 1479 missum,⁶
578 1411 784 1464 concedendum
803 1427 856 1463 non
876 1409 995 1480 putabat,

70 1494 159 1547 neque
177 1477 301 1532 homines
316 1479 425 1532 inimico
444 1479 533 1530 animo
554 1478 617 1530 data
628 1478 755 1530 facilitate
773 1495 821 1547 per
832 1479 997 1547 provinciam

71 1547 174 1601 itineris
185 1547 303 1602 faciundi
313 1548 516 1618 temperaturos⁷
524 1547 559 1600 ab
570 1546 702 1615 injuriaret
714 1547 848 1619 maleficio
860 1547 996 1600 existima·

70 1616 133 1670 bat:
153 1622 252 1686 tamen,
265 1628 295 1672 ut
307 1619 426 1688 spatium
438 1615 605 1670 intercedere
617 1619 725 1687 posset,⁸
733 1615 801 1669 dum
813 1615 919 1685 milites,
928 1633 998 1686 quos

71 1686 257 1756 imperaverat,
266 1688 447 1757 convenirent,
457 1686 553 1755 legatis
564 1685 699 1755 respondit
711 1686 794 1740 diem⁹
804 1702 835 1738 se
846 1685 882 1739 ad
892 1685 997 1740 delibe-

72 1756 185 1810 randum
203 1767 389 1828 sumpturum:
409 1756 432 1809 si
448 1756 514 1827 quid
526 1756 634 1826 vellent,
649 1757 686 1809 ad
704 1756 769 1808 idus
781 1755 898 1825 Aprilie¹⁰
909 1764 998 1810 reveri

73 1833 200 1879 terentur.
811 1863 813 1869 ,

106 1899 133 1948 8.
151 1895 257 1948 interea
275 1913 308 1948 ea
325 1896 438 1967 legione,
451 1913 532 1966 quam
551 1913 645 1949 secum
664 1895 789 1965 habebat,
802 1895 995 1967 militibusque,

73 1964 118 2032 qui
136 1981 171 2017 ex
188 1966 322 2034 provincia
333 1975 520 2036 convenerant,
533 1983 550 2018 a
562 1967 622 2019 lacu
635 1965 779 2035 Lemanno,
792 1965 839 2035 qui
854 1965 882 2018 in
894 1966 997 2020 flumen

72 2033 232 2106 Rhodanum
250 2035 363 2105 influit,¹¹
374 2035 409 2088 ad
425 2045 544 2088 montem
556 2036 571 2090 J
574 2053 656 2106 uram,
670 2036 716 2109 qui
728 2036 796 2088 fines
812 2035 997 2105 Sequanorum

103 2174 186 2223 ¹That
203 2176 233 2230 is,
247 2175 289 2223 the
305 2176 362 2224 27th
378 2176 407 2224 of
419 2175 506 2224 March
517 2191 571 2224 rac.
583 2180 622 2232 58,
635 2177 677 2224 the
693 2193 751 2238 year
766 2177 792 2224 in
807 2175 888 2224 which
904 2175 997 2224 Caesar

73 2233 168 2283 arrived
178 2235 203 2282 in
215 2235 288 2304 Gaul,
301 2236 326 2283 in
337 2235 379 2284 the
389 2236 457 2297 early
468 2245 521 2295 part
532 2236 560 2283 of
567 2236 646 2295 April.

102 2308 307 2366 ’Aaeenevamf
317 2309 409 2366 thetis,
420 2309 445 2357 in
455 2309 497 2358 the
508 2308 708 2370 neighbourhood
718 2307 746 2356 of
755 2308 871 2366 Genava3
883 2310 916 2356 od
923 2306 998 2368 being

14 2390 20 2402 κ
73 2366 131 2416 here
142 2367 183 2416 the
195 2384 263 2418 samo
273 2385 300 2416 as
310 2371 382 2430 apud.

82 2424 89 2440 ⁸
101 2441 263 2493 'Provinciae
272 2443 379 2510 imperat,
389 2441 421 2510 he
432 2441 573 2490 commando
585 2441 626 2490 the
637 2440 750 2501 province
758 2449 784 2489 to
791 2439 886 2489 surnish
895 2455 922 2488 as
931 2438 997 2500 large

74 2515 88 2549 a
98 2506 201 2553 number
211 2501 239 2550 os
246 2501 348 2550 soldrers
360 2517 387 2548 as
398 2510 417 2549 rt
428 2501 500 2549 could
511 2509 613 2548 muster.

102 2577 187 2626 ‘That
199 2576 229 2632 is,
242 2590 324 2622 across
335 2574 377 2621 the
389 2573 453 2622 river
464 2572 600 2620 Rhodanus
611 2588 639 2621 or
649 2573 745 2620 Rhoue.

102 2651 223 2713 'Rogare
237 2648 343 2707 hemely,
357 2664 389 2694 se.

102 2724 183 2773 'This
194 2723 243 2771 had
253 2720 381 2782 happened
391 2719 416 2766 in
428 2733 451 2766 a.
462 2733 483 2766 c.
497 2721 548 2767 107.
581 2717 628 2766 See
640 2716 712 2778 Livy,
725 2716 792 2780 aaa.
802 2719 841 2767 lab.
852 2720 892 2767 65.

102 2795 187 2843 'That
198 2794 257 2853 they
268 2791 351 2840 would
362 2792 392 2838 be
404 2799 548 2850 temperate,
562 2788 608 2836 and
619 2789 715 2837 abstain
725 2789 795 2848 from,
809 2790 858 2839 dcc.

102 2867 239 2927 'Namely,
252 2867 366 2914 between
382 2863 424 2910 the
440 2872 538 2932 crosent
554 2872 672 2920 moment,
686 2862 733 2912 and
749 2863 791 2912 the
807 2865 866 2913 time
877 2864 951 2914 when
966 2862 998 2912 he

74 2936 156 2975 meant
167 2935 192 2974 to
204 2925 287 2973 attach
298 2924 339 2972 the
351 2923 467 2970 Helvetii.

104 2997 190 3056 'Dian
203 3000 261 3047 here
278 2999 337 3046 time
354 2997 379 3045 in
395 2996 502 3057 general,
516 2995 564 3045 and
578 2996 713 3056 seminine;
731 2997 803 3046 when
818 2997 836 3046 it
848 2996 957 3058 significa
970 3000 999 3046 ‘a

75 3059 141 3120 day‚'
154 3059 173 3107 it
184 3059 205 3108 is
216 3058 357 3107 masculine.
945 3092 949 3099 .

105 3131 199 3188 ¹⁰That
215 3131 245 3188 is,
258 3147 291 3179 ou
306 3131 348 3179 the
366 3129 461 3178 lethot
472 3129 552 3189 April.
583 3129 622 3189 By
632 3147 656 3178 aa
665 3131 724 3191 qaid
737 3131 824 3178 uellent
836 3128 929 3177 Caesar
944 3143 997 3189 pre·

76 3190 146 3240 tsnds
157 3201 200 3239 not
211 3200 237 3239 to
248 3190 322 3239 know
333 3189 399 3238 what
410 3189 470 3250 they
481 3204 546 3237 were
558 3190 640 3237 about.

106 3266 123 3295 ¹¹
133 3263 183 3312 We
190 3264 221 3313 do
230 3273 272 3312 not
282 3279 327 3323 say
335 3263 389 3311 that
398 3279 413 3310 a
420 3262 476 3311 lake
485 3261 591 3321 through
598 3260 679 3308 which
688 3277 703 3308 a
709 3260 773 3309 river
778 3260 858 3317 flows,
866 3259 937 3310 flows
948 3259 1000 3310 into

76 3322 119 3373 tho
129 3323 201 3382 river,
212 3326 256 3373 but
265 3324 317 3372 that
326 3323 367 3371 tho
376 3322 440 3372 river
448 3322 518 3370 dows
526 3321 576 3369 into
586 3320 627 3368 tho
636 3319 701 3368 lake.
723 3319 774 3369 But
782 3319 877 3370 Caesar
883 3329 1006 3369 seemsto
