2146 3704
448 121 540 163 steen
560 122 613 162 vu.
940 103 994 162 101

50 278 53 282 .
103 236 147 288 86.
167 232 268 287 Caesar
285 247 321 286 ex
338 247 370 285 eo
387 232 444 285 loco
462 232 563 302 quintis
579 230 682 284 castris¹
693 228 855 299 Gergoviam
867 232 996 309 pervenit,

70 304 243 375 equestrique
255 302 353 372 proelio
365 319 398 354 eo
410 303 453 355 die
466 303 519 355 levi
533 302 610 370 lacto,
623 309 761 370 perspecto
773 300 847 352 urbis
859 308 998 370 srtu,qnae

69 375 154 445 posita
173 374 200 426 in
219 372 349 425 altissimo
367 380 458 425 monte
476 389 571 425 omnes
587 370 676 423 aditus
688 368 815 423 difficiles
825 368 951 439 habebat,
964 371 998 423 de

69 445 268 514 expugnatione
287 442 454 511 desperavit,
473 442 508 495 de
526 440 681 493 obsessione
699 457 752 492 non
764 440 837 509 prius
853 439 999 508 agendum'

69 514 214 582 constituit,
234 529 315 581 quarn
335 529 392 564 rem
412 511 614 564 frumentariam
638 506 801 578 expedisset.
838 511 874 562 At
892 508 999 562 Vercin-

68 583 180 652 getorix,
194 582 289 635 castris
306 597 387 652 prope
405 581 535 650 oppidum
552 582 580 633 in
597 588 688 632 moute
706 579 807 649 positis,
820 578 1001 632 mediocribus

69 655 173 705 circum
192 669 222 704 se
241 651 387 704 intervallis
405 651 550 720 separatim
568 649 734 717 singularum
752 649 896 702 civitatum
910 648 1001 717 copias

69 723 263 790 collocaverat,
281 729 363 791 atque
381 719 506 774 omnibus
518 719 579 790 ejus
595 718 652 788 jugi
664 718 779 773 collibus
790 718 933 788 occupatis,
947 734 1001 787 qua

68 792 174 862 despici
187 793 309 861 poterat,'
320 789 473 844 honibilem
492 790 612 860 speciem
631 788 793 859 praebebat:
811 786 1001 858 principesque

69 878 164 914 earum
177 861 324 930 civitatum,
335 877 402 929 quos
414 860 465 913 sibi
477 859 512 912 ad
524 859 667 912 consilium
678 859 842 928 capiendum
854 857 999 927 delegerat,

69 933 156 1002 prima
168 931 229 984 luce
241 930 360 1000 quotidie
372 930 407 983 ad
419 946 449 983 se
460 928 572 998 jubebat
583 929 734 997 convenire,
746 927 868 997 seuquid
879 944 1001 981 commu·

69 999 223 1071 nicandum,
238 1016 286 1053 seu
304 999 368 1070 quid
387 999 631 1052 administrandum
641 997 793 1050 videretur:
813 1013 902 1066 neque
915 997 1000 1050 ullum

68 1069 125 1124 fere
138 1071 212 1124 diem
226 1069 425 1140 intermittebat,
439 1069 502 1138 quin
516 1067 634 1138 equestri
647 1066 753 1138 proelio,
764 1067 910 1136 interjectis
922 1067 1001 1133 sagit·

69 1141 150 1210 tariis,
165 1140 229 1209 quid
243 1141 270 1192 in
288 1156 396 1210 quoque
413 1148 486 1192 esset
504 1138 587 1192 animi
599 1155 631 1190 ac
642 1137 749 1190 virtutis
766 1153 883 1206 suorum,
897 1136 1001 1205 pericli·

68 1219 178 1264 teretur.
216 1211 307 1263 Erato
320 1211 426 1277 regione
445 1209 535 1279 oppidi
547 1208 623 1260 collis
641 1207 691 1261 sub
702 1207 767 1277 ipsis
780 1206 915 1260 radicibus
927 1223 1001 1259 mon-

69 1281 110 1346 tis,
130 1280 239 1348 egregie
258 1279 378 1332 munitus
395 1287 478 1347 atque
495 1294 530 1330 cx
547 1278 620 1329 omni
633 1286 707 1346 parte
720 1277 894 1328 circumcisus
907 1277 1001 1345 (quem

69 1350 91 1403 si
103 1358 227 1402 tenerent
241 1349 328 1418 nostri,
342 1357 370 1400 et
381 1364 469 1416 aquae
488 1363 586 1414 magna
598 1353 674 1413 parte
686 1353 712 1396 et
725 1344 904 1414 pabulatione*
916 1344 1002 1396 libera

68 1419 226 1489 prohibituri
252 1417 344 1470 hostes
360 1416 536 1484 videbantur,
562 1415 611 1466 sed
629 1415 652 1465 is
670 1413 745 1466 locus
763 1413 896 1482 praesidio
914 1412 950 1465 ab
968 1414 1002 1465 iis

68 1505 120 1542 non
134 1488 216 1541 nimis
234 1488 310 1540 firmo
329 1485 496 1553 tenebatur),
516 1485 618 1537 tamen⁸
630 1483 734 1536 silentio
747 1482 833 1536 noctis
844 1483 950 1552 Caesar,
965 1500 1000 1536 ex

68 1559 163 1612 castris
181 1574 312 1625 egressus,
325 1557 399 1626 prius
416 1572 500 1624 quam
518 1553 636 1607 subsidio
649 1570 684 1606 ex
695 1552 791 1622 oppido
804 1553 888 1606 veniri
901 1561 999 1622 posset,

68 1627 175 1698 dejecto
193 1626 324 1696 praesidio
337 1626 436 1695 potitus
449 1625 513 1694 loco,
527 1625 595 1676 duas
607 1623 644 1676 ibi
657 1622 777 1691 legiones
788 1622 935 1690 collocavit,
949 1621 1000 1674 fos-

68 1713 183 1767 samque
201 1694 339 1818 duplicem
358 1694 514 1747 duodenum
534 1693 636 1763 pedum
656 1709 673 1745 a
689 1691 835 1761 majoribus
855 1691 949 1744 cestris
965 1691 1000 1744 ad

67 1768 173 1820 minora
185 1783 232 1835 per
252 1766 316 1834 uxit,
331 1774 359 1818 ut
372 1773 428 1818 tuto
446 1765 480 1817 ab
497 1763 634 1833 repentino
653 1762 771 1815 hostium
790 1762 899 1815 incursu
917 1761 1001 1814 etiam

67 1836 166 1904 singuli
179 1852 332 1888 commeare
345 1843 462 1904 possent.

103 1911 147 1958 37.
166 1906 237 1958 Dum
264 1904 332 1958 haec
362 1905 397 1958 ad
424 1904 588 1973 Gergoviam
615 1912 751 1974 geruntur,
783 1901 1000 1956 Convictolitanis

67 1974 190 2044 Aeduus,
204 1975 247 2027 cui
265 1975 454 2041 magistratum
473 1974 659 2044 adjudicatum
670 1991 687 2026 a
700 1975 816 2028 Caesare
834 1972 999 2026 demonstra-

66 2046 176 2113 vimus,⁰
187 2044 347 2097 sollicitatus
357 2044 393 2097 ab
405 2046 533 2097 Arvernis
544 2045 666 2113 pecunia,
680 2061 744 2098 curn
762 2043 923 2113 quibusdam
937 2039 999 2094 ado-

66 2113 233 2168 lescentibus
250 2113 415 2183 colloquitur,
435 2130 547 2181 quorum
565 2121 622 2164 erat
634 2116 759 2181 princeps
772 2113 907 2164 Litavicus
917 2122 999 2180 atque

67 2184 128 2256 ejus
147 2183 249 2253 fratres,
270 2182 438 2253 amplissima
453 2182 557 2234 familia
575 2181 630 2234 nati
648 2180 843 2233 adolescentes.
880 2182 949 2234 Cum
967 2182 1000 2232 iis

96 2341 139 2389 ιΑ
153 2341 250 2390 Roman
266 2357 335 2401 army
345 2357 377 2389 on
392 2341 423 2388 its
435 2339 518 2388 march
529 2338 627 2398 pitched
638 2338 669 2386 its
681 2353 751 2396 camp
762 2353 837 2397 every
847 2339 960 2399 evening,
974 2349 999 2387 to

68 2401 145 2460 spend
157 2401 198 2448 the
210 2401 278 2461 night
291 2401 315 2448 in
326 2401 343 2448 it
353 2416 359 2457 ;
378 2400 478 2447 whence
490 2401 583 2459 quictis
593 2399 680 2446 castris
692 2398 713 2445 is
724 2396 863 2456 equivalent
879 2407 905 2445 to
916 2401 1000 2460 quinto

67 2463 115 2518 dic,
128 2476 164 2516 or,
180 2460 256 2508 ‘alter
267 2476 281 2508 a
292 2460 398 2520 journcy
408 2458 437 2507 of
448 2458 497 2506 five
509 2457 586 2518 days)

96 2548 256 2611 'Agendumr
274 2549 367 2606 thetis,
380 2551 539 2611 cogitandum.

97 2637 224 2699 ’Despici,·
243 2637 331 2698 supply
343 2639 369 2685 ia
380 2646 458 2685 castra
467 2636 584 2684 Romano.
622 2674 624 2678 ,

97 2726 106 2754 ⁴
116 2723 257 2784 According
265 2734 291 2771 to
302 2724 344 2771 the
355 2723 468 2783 ordinary
475 2722 546 2770 mode
555 2722 583 2770 os
590 2722 717 2784 speaking,
727 2739 765 2771 we
772 2722 861 2772 should
869 2724 927 2773 here
936 2724 998 2773 have

68 2799 131 2845 aqua
143 2782 204 2838 (that
216 2783 245 2839 is,
258 2786 367 2853 chaque)
381 2800 491 2889 magnam
504 2791 642 2852 portantur
652 2801 739 2845 magno
752 2792 830 2846 parte,
845 2790 885 2832 ‘to
902 2800 916 2832 u
948 2795 999 2833 reat

68 2843 173 2896 extent')
185 2852 206 2890 et
254 2844 380 2891 tutatione.
413 2843 495 2890 ''here
512 2858 533 2891 rs
550 2859 581 2890 an
598 2843 750 2903 irregularity
761 2844 786 2890 in
802 2843 844 2890 the
862 2859 906 2891 use
917 2801 947 2892 ol
957 2844 998 2891 the

69 2901 174 2970 ablativo
188 2919 221 2963 pa
235 2903 341 2950 alcimae
351 2901 446 2950 instead
457 2901 485 2950 of
497 2902 538 2950 the
550 2903 656 2964 genitive
665 2905 837 2964 pabulationes,
850 2901 997 2960 dependent,

69 2960 119 3009 hhe
130 2976 214 3021 aquae,
228 2975 293 3019 upon
303 2979 390 3023 magna
398 2970 476 3024 parte.

71 3067 83 3116 ‚¹
98 3052 107 3077 ⁶
120 3047 209 3095 Tamen
220 3047 277 3095 herc
289 3048 364 3097 resers
375 3058 400 3097 to
412 3050 452 3097 the
469 3049 523 3098 idea
538 3049 567 3098 of
581 3047 732 3110 ‘although'
745 3046 827 3097 which
838 3047 859 3096 is
870 3047 999 3099 contained

70 3121 94 3156 tu
105 3107 147 3155 the
159 3106 240 3156 words
251 3109 344 3171 egregie
353 3111 471 3169 mandas,
484 3109 534 3159 dcc.

98 3194 165 3243 ‘See
176 3193 217 3242 vii.
229 3197 265 3246 33,
