2146 3704
461 118 554 160 arnna
573 120 625 162 vn.
700 160 701 167 ,
840 155 842 157 ,
948 99 1009 160 209

70 226 179 283 ¹eastris
196 224 351 281 habiturum
373 235 401 280 et
418 228 509 281 terrori
531 228 654 282 hostibus
671 227 799 281 futurum.
836 227 1011 284 Conclamant

70 299 197 369 equites,
212 296 379 350 sanctissimo
396 297 568 368 jurejurando
580 297 759 352 confirmatio
796 305 872 368 rtere,
886 316 921 352 ne
940 307 1010 352 tecto

81 368 234 438 recipiatur,
244 384 279 420 ne
291 366 326 419 ad
338 367 443 438 liberos,
453 385 487 421 ne
499 369 534 420 ad
546 377 679 437 parentes,
689 386 724 421 ne
736 386 752 420 a
784 384 895 421 uxorem
906 368 1011 423 aditum

83 437 191 505 habeat,
205 436 251 506 qui
263 453 315 489 non
327 437 370 490 bis
382 455 429 506 per
440 455 539 506 agmen
559 439 676 494 hostiurn
688 438 870 509 perequitarit.
1040 455 1042 460 ’

118 513 162 561 67.
183 507 297 561 Probata
310 524 337 559 re
349 516 430 576 atque
442 507 568 560 omnibus
580 507 614 561 ad
626 508 814 578 jusjurandum
826 507 937 577 adactis,
950 523 1010 577 pos·

67 587 140 631 tero
160 576 205 629 die
224 577 250 629 in
271 584 325 629 tres
342 586 432 646 partes
450 577 590 631 distributo
609 580 738 647 equitatu,
752 577 823 630 duae
835 595 865 630 se
883 578 958 630 acies
974 577 1012 632 ab

68 647 191 701 duobus
203 645 331 698 lateribus
343 647 502 700 ostendunt:
522 665 575 700 una
592 665 610 700 a
627 649 712 718 primo
730 648 840 716 agmine
858 656 908 700 rter
926 647 1012 716 impe·

68 716 140 770 dire
161 717 257 785 coepit.
294 716 353 773 Qua
374 734 401 769 re
422 717 554 785 nunciata,
569 718 668 771 Caesar
684 735 764 771 suum
783 734 889 787 quoque
908 717 1012 786 equita·

69 796 158 854 -tum,
173 786 302 856 tripartito
320 787 449 857 divisum,
465 797 557 840 contra
574 787 680 841 hostem
698 788 737 841 ire
754 787 840 857 jubet.
876 788 1013 856 Pugnatur

69 858 147 909 ·una¹
170 864 235 909 tunc
257 856 382 908 omnibus
406 857 434 908 in
451 856 585 925 partibus:
613 858 732 911 consistit
755 874 870 926 agmen:
897 856 1013 927 impedi·

70 934 179 979 menta
196 927 264 978 inter
276 925 396 992 legiones
414 926 584 996 recipiuntur.
621 926 647 980 Si
665 927 764 998 quain
782 938 857 998 parte
875 927 957 980 nostri
975 927 1012 980 la·

84 995 178 1050 borare
196 1003 242 1048 aut
260 995 368 1063 gravius
385 996 471 1074 premi
490 995 657 1067 videbantur,
672 1014 703 1050 eo
717 998 793 1064 signa
811 997 901 1050 inferri
914 998 1013 1050 Caesar

69 1066 227 1133 aciemque
245 1066 363 1117 converti
381 1066 509 1134 jubebat:
528 1083 599 1134 quae
618 1084 661 1120 res
673 1074 700 1120 et
718 1066 810 1119 hostes
821 1066 856 1120 ad
869 1067 1013 1136 insequen-

85 1135 151 1188 dum
178 1134 307 1204 tardabat,
329 1142 357 1187 et
374 1144 476 1188 nostros
494 1152 541 1204 spe
559 1136 651 1189 anxilii
669 1137 852 1190 continuabat.
888 1135 1013 1190 Tandem

86 1204 215 1258 Germani
227 1205 262 1258 ab
274 1204 367 1257 dextro
380 1204 471 1275 latere,
485 1223 623 1259 summurn
640 1206 736 1276 jugum
749 1207 828 1276 nacti,
842 1208 934 1260 hostes
953 1205 1011 1259 loco

86 1274 225 1344 depellunt
232 1291 240 1342 3
258 1274 393 1342 fugientes
405 1292 489 1342 usqne
502 1274 535 1326 ad
549 1275 670 1345 flumen,²
683 1277 728 1329 ubi
738 1277 941 1342 Vercingetorix
949 1292 1015 1328 cum

86 1343 257 1414 pedestribus
269 1344 351 1412 copiis
363 1344 527 1413 consederat,
542 1354 738 1412 persequuntur
751 1346 956 1414 compluresque
974 1345 1013 1397 in·

86 1414 231 1467 terficinnt.
267 1413 326 1471 Qua
340 1431 366 1466 re
379 1412 574 1482 animadversa,
588 1414 683 1483 reliqui
705 1431 739 1466 ne
758 1414 1015 1467 circumvenirentur

51 1543 53 1546 y
86 1485 173 1552 veriti,
199 1500 228 1535 se
255 1483 335 1550 fugae
356 1483 493 1536 mandant.
531 1484 662 1536 Omnibus
673 1452 748 1535 ’locis
768 1483 797 1536 fit
817 1484 931 1537 caedes:
960 1492 1015 1537 tres

86 1552 245 1607 nobilissimi
270 1552 359 1605 Aedui
383 1553 455 1622 capti
475 1552 509 1604 ad
528 1554 674 1605 Caesarem
691 1552 887 1622 perducuntur:
915 1554 1015 1622 Cotus,'

87 1623 240 1694 praelectus
265 1622 395 1691 equitum,
421 1622 467 1690 qui
493 1623 700 1675 controversiam
725 1640 788 1675 cum
806 1623 1014 1676 Convictolitane

87 1693 214 1763 proximis
237 1692 353 1744 comitiis
377 1691 523 1760 habuerat,
550 1701 576 1744 et
596 1692 754 1760 Cavarillus,
774 1692 820 1760 qui
847 1702 906 1762 post
924 1692 1015 1746 desec-

87 1764 187 1816 tionem
202 1761 314 1814 Litavici
332 1761 501 1831 pedestribus
518 1762 604 1831 copiis
623 1761 790 1831 praefuerat,
809 1772 836 1815 et
849 1763 1014 1833 Eporedirix,

71 1858 74 1862 ·
88 1850 140 1902 quo
153 1833 222 1885 duce
235 1840 298 1883 ante
316 1831 463 1884 adventurn
476 1832 599 1885 Caesaris
616 1833 705 1885 Aedui
719 1850 782 1886 cum
795 1832 925 1903 Sequanis
943 1832 1015 1886 bello

87 1902 288 1967 contenderant.

123 1978 166 2025 68.
187 1972 289 2038 Fugato
310 1971 383 2023 omni
403 1972 532 2040 equitatu,
554 1973 756 2040 Vercingetorix
775 1973 866 2042 copias
884 1991 954 2042 suas,
977 1971 1017 2025 ut⁴

87 2059 133 2112 pro
153 2041 247 2093 castris
259 2040 444 2108 collocaverat,
458 2041 579 2109 reduxit,
597 2045 771 2112 protinusque
789 2043 932 2113 Alesiam,⁶
943 2041 1016 2112 quod

88 2121 128 2164 est
149 2111 277 2179 oppidum
296 2108 513 2178 Mandubiorum,
533 2110 582 2161 iter
600 2111 689 2163 facere
710 2112 812 2180 coepit3
840 2113 1016 2182 celeriterque

88 2181 285 2250 impedimenta
297 2196 332 2231 ex
344 2178 440 2230 castris
458 2178 537 2230 educi
550 2187 576 2230 et
595 2196 625 2230 se
645 2180 773 2248 subsequi
790 2180 877 2250 jussit.
908 2182 1015 2251 Caesar,

88 2248 291 2320 impedimentis
311 2248 338 2304 in
359 2247 510 2317 proximum
535 2247 633 2300 collem
651 2248 782 2318 dedu'ctis,
802 2249 962 2319 duabusque
979 2251 1018 2303 le·

88 2319 213 2388 gionibus
232 2317 363 2387 praesidio
382 2317 490 2384 relictis,
505 2326 623 2386 secutus,
637 2327 769 2386 quantum
782 2317 837 2370 dici
857 2327 964 2388 tempus
976 2327 1018 2372 est

88 2407 207 2461 passum,
220 2389 327 2440 circiter
340 2387 424 2440 tribus
442 2386 552 2439 milibus
564 2386 682 2440 hostiurn
694 2404 730 2440 ex
746 2387 891 2440 novissimo
908 2389 1018 2457 agmine

119 2547 128 2575 ¹
141 2546 206 2603 (lna,
221 2554 259 2592 'at
271 2560 317 2592 one
329 2543 376 2592 and
388 2543 429 2591 tlrc
441 2559 509 2591 same
520 2542 599 2590 time!

119 2618 201 2667 “This
212 2618 276 2671 river
287 2618 308 2666 is
320 2617 361 2665 the
373 2617 438 2665 Arar
450 2616 559 2674 (Saone).

119 2692 290 2751 ³Respecting
307 2691 385 2738 Cotus
401 2690 449 2738 and
466 2689 679 2747 Convictolitanis‚
698 2707 739 2740 see
754 2691 795 2739 vii.
810 2693 848 2748 33,
861 2693 906 2750 39;
925 2691 1019 2754 though

90 2752 132 2800 the
146 2749 354 2810 Eporedirixhere
364 2749 502 2797 mentioued
510 2758 596 2796 cannot
606 2751 636 2798 be
648 2750 690 2799 the
701 2767 769 2800 same
781 2768 808 2799 as
819 2751 861 2799 the
873 2767 918 2800 one
930 2752 987 2800 who
997 2753 1019 2800 is

90 2811 186 2919 ppqqun
196 2810 224 2857 os
232 2811 257 2857 in
266 2810 308 2857 vii.
320 2812 364 2856 54:
377 2808 408 2856 he
417 2824 475 2867 may
483 2807 545 2856 have
557 2810 620 2858 been
630 2810 669 2859 his
680 2812 766 2868 father,
776 2827 803 2859 or
811 2827 874 2859 aven
884 2812 923 2860 his
931 2810 1018 2873 grand·

120 2946 129 2972 ⁴
143 2943 184 3000 Ut,
201 2943 260 2998 ‘as‚’
275 2957 303 2989 or
316 2941 354 2988 ‘in
371 2940 413 2988 the
430 2956 498 2989 same
515 2943 623 2991 manner’
643 2959 670 2990 or
689 2944 773 2991 ‘order
789 2942 813 2991 iu
824 2942 906 2992 which
923 2943 954 2990 he
970 2944 1020 2993 had

91 3002 176 3050 drawn
187 3003 255 3050 thern
267 3001 318 3060 up,’
333 3000 381 3048 duc.

122 3076 234 3133 ‘Atesim
248 3092 263 3122 a
278 3084 346 3122 town
362 3073 469 3122 situated
485 3090 518 3122 on
535 3091 550 3122 a
566 3074 733 3124 considerable
749 3075 884 3132 eminence,
903 3075 951 3124 and
966 3092 1019 3125 sur·

93 3135 202 3183 rounded
212 3151 245 3182 on
255 3145 305 3182 two
316 3133 382 3182 sides
393 3135 426 3192 by
437 3134 522 3191 rivers,
535 3135 556 3183 is
567 3134 609 3182 the
620 3134 722 3184 modern
732 3134 812 3185 Alise.
845 3134 967 3197 Compare
977 3136 1019 3187 vii.

94 3198 133 3252 69,
146 3194 246 3300 anq8tlpe
257 3192 315 3253 plan
325 3193 394 3242 there
405 3192 486 3253 given.
595 3267 611 3304 s
