2146 3704
394 116 398 123 ·
450 119 542 160 urana
562 116 603 160 rr.
705 98 706 103 ’
942 96 1001 161 105

72 231 105 288 ad
122 231 192 285 duas
210 227 425 300 transportandas
441 226 562 298 legiones
579 220 759 295 existimabat,
772 228 843 299 quod
859 236 1000 350 praeterea

72 302 182 357 narium
208 299 346 369 longarum
370 298 495 368 habebat,
515 297 657 369 quaestori,
676 296 772 366 legatis
795 314 859 367 prae
871 300 1001 370 actisque¹

73 369 215 427 distribuit.
262 368 323 423 Huc
352 366 519 421 accedebant
542 384 623 420 xvrn.
647 365 784 420 onerariae
813 384 905 438 naves,
930 386 1000 440 quae

73 459 106 496 ex
122 456 156 494 eo
173 438 243 492 loco'
258 438 295 492 ab
312 437 421 493 milibus
439 453 568 507 passuum
591 443 650 489 octo
669 443 748 489 vento
767 437 933 509 tenebantur,
964 456 1000 494 uo

72 507 161 565 minus
172 508 206 563 'in
222 507 341 562 eundem
356 515 464 579 portum
476 506 567 559 venire
583 513 706 585 possent:
726 505 776 560 has
793 522 808 558 e
829 507 930 561 uiribus
946 456 1000 564 dis

73 579 171 634 tribuit.
208 576 352 648 Reliquum
376 576 526 630 exereitum
544 575 643 635 Quinto
661 575 762 628 Titurio
786 575 821 630 Se
841 576 886 630 ino
903 586 931 632 et
948 579 999 633 Lu·

73 649 112 704 cio
135 646 320 702 Aurunculeio
344 647 438 700 Cottae
464 645 558 714 legatis
582 645 608 698 in
632 645 775 714 Menapios
796 653 878 717 atque
902 647 931 700 in
953 663 1001 703 eos

73 734 154 789 pagos
177 717 352 787 Morinorum,
371 715 407 769 ab
425 716 523 794 quibus
545 714 580 768 ad
603 730 669 768 eum
691 714 774 784 legati
792 732 844 770 non
862 725 999 790 venerant,

74 786 228 841 ducendum
251 785 344 854 dedit3
368 785 493 838 Publium
512 785 661 856 Sulpicium
678 785 779 839 Rufum
797 785 918 856 legatum
936 804 1001 844 cum

75 873 105 936 eo
128 854 270 936 praesidio,
295 854 367 925 quod
392 855 457 908 satis
480 871 541 908 esse
569 852 754 926 arbitrabatur,
778 865 885 927 portum
908 867 1000 912 tenere

85 933 159 980 ussit.

72 944 83 996 J
109 999 151 1048 23.
169 994 220 1048 His
237 994 389 1047 constitutis
405 992 487 1047 rebus
503 1001 599 1047 nactus
621 992 748 1047 idoneam
764 994 799 1048 ad
817 996 1001 1066 navigandum

74 1071 264 1135 tempestatem
277 1063 353 1117 tertia
366 1063 420 1116 iere
433 1062 526 1132 vigilia
537 1063 634 1132 solvit,⁸
642 1064 801 1134 equitesque
810 1065 839 1119 in
846 1066 1001 1122 ulteriorem

75 1142 180 1206 portum
197 1132 320 1204 progredi
337 1142 365 1186 ct
382 1150 466 1186 naves
483 1131 664 1187 conscendere
676 1142 704 1186 et
716 1150 746 1186 se
758 1137 835 1204 sequi
850 1134 937 1205 jussit.
974 1137 1001 1191 A

74 1204 172 1274 quibus
197 1220 261 1257 cum
286 1202 366 1272 paulo
393 1202 493 1256 tardius
517 1211 590 1256 esset
615 1201 839 1284 administratum,
859 1205 917 1275 ipse
934 1204 1000 1259 hora

74 1273 179 1328 circiter
196 1271 251 1325 diei
275 1280 369 1342 quarta
393 1288 457 1325 cum
494 1271 568 1325 rimis
590 1272 705 1326 navibus
722 1272 886 1326 Britanmam
903 1275 998 1345 attigit,

74 1350 155 1414 atque
173 1341 212 1396 ibi
228 1341 257 1395 in
274 1340 399 1395 omnibus
416 1289 530 1393 collibus
548 1341 691 1409 expositas*
707 1339 826 1394 hostium
849 1343 942 1412 copiae
959 1360 1000 1395 ar·

74 1422 162 1468 metas
185 1411 333 1481 conspexit.
370 1409 453 1479 Cujus
476 1409 528 1462 loci
552 1407 621 1461 haec
650 1416 707 1461 erat
730 1416 832 1479 natura,
857 1419 939 1480 atque
962 1411 1001 1465 ita

73 1481 210 1536 montibus
232 1481 352 1549 angustis
374 1496 449 1533 mare
472 1477 664 1545 continebatur,
684 1477 723 1531 uti
742 1494 776 1530 ex
794 1477 859 1532 locis
882 1480 1000 1549 superio-

74 1552 147 1607 ribus
170 1551 198 1604 in
220 1550 284 1604 litus
307 1549 392 1602 telum
414 1548 487 1618 adigi
510 1555 609 1618 posset.
645 1547 724 1601 Hunc
747 1547 782 1602 ad
806 1548 1001 1618 egrediendum

73 1637 243 1691 nequaquam
267 1619 393 1673 idoneum
417 1618 506 1672 locum
524 1617 674 1689 arbitratus,
695 1616 761 1671 dum
779 1617 898 1688 reliquae
916 1636 1001 1674 naves

74 1707 104 1744 eo
133 1691 314 1760 convenirent,
338 1688 373 1742 ad
403 1687 496 1742 horam
524 1690 632 1741 nonam⁶
654 1687 682 1741 iu
704 1688 808 1741 ancoris
837 1689 999 1759 expectavit.

73 1760 184 1815 Interim
206 1759 304 1829 legatis
327 1758 492 1828 tribunisque
516 1757 631 1811 militum
649 1757 802 1811 convocatis
820 1771 847 1811 et
870 1774 941 1828 quae
964 1776 1001 1815 ex

72 1828 207 1884 Voluseno
224 1837 371 1899 cognosset,
390 1835 417 1880 et
435 1845 504 1899 quae
521 1827 578 1881 fieri
597 1827 687 1898 vellet,
700 1827 815 1882 ostendit
832 1829 998 1902 monuitque,

72 1907 101 1953 ut
129 1899 169 1954 rei
198 1897 322 1953 militaris
350 1897 422 1967 ratio,
447 1897 565 1951 manime
589 1906 619 1950 ut
642 1897 793 1965 maritimae
817 1915 860 1950 res
883 1899 999 1967 postula·

73 1976 137 2040 rent,
156 1977 186 2022 ut
199 1967 296 2041 [quae]
315 1967 433 2020 celerem
455 1977 536 2037 atque
560 1967 714 2021 instabilem
737 1977 839 2021 motum
860 1966 997 2040 haberent,

72 2038 106 2092 ad
123 2046 219 2092 nutum
237 2036 315 2090 etad
335 2044 442 2107 tempus
465 2054 560 2090 omnes
577 2054 620 2090 res
637 2037 672 2091 ab
690 2037 724 2090 iis
741 2036 997 2092 administrarentur.

72 2106 121 2161 His
138 2106 257 2161 dimissis
274 2115 302 2159 et
319 2114 431 2160 ventum
449 2115 476 2158 et
494 2114 601 2158 aestum
623 2122 676 2158 uno
701 2113 821 2174 tempore
844 2115 939 2159 nactus
956 2124 998 2161 se·

72 2176 191 2230 cundum
203 2176 266 2229 dato
284 2175 359 2244 signo
377 2183 405 2227 et
424 2175 536 2228 sublatis
547 2174 652 2227 ancoris
663 2173 768 2227 circiter
779 2174 856 2227 milia
867 2192 998 2245 passuum

99 2394 108 2422 ¹
119 2391 236 2451 Namely,
249 2391 278 2439 os
289 2390 327 2438 his
338 2388 485 2444 auxiliarios,
495 2386 586 2442 whom,
599 2384 696 2434 besides
707 2384 745 2433 his
756 2394 806 2435 two
816 2387 919 2447 legions,
934 2388 998 2438 Cac-

71 2466 110 2502 sar
120 2450 180 2499 took
190 2450 251 2498 with
261 2450 313 2499 him
323 2459 349 2497 to
359 2448 461 2495 Britain.

99 2525 109 2553 ¹
119 2523 236 2583 Namely,
249 2522 332 2570 where
343 2520 385 2568 the
396 2518 480 2580 eighty
491 2517 559 2587 ships
570 2532 635 2564 were
646 2516 792 2566 assembled.
819 2518 875 2568 The
886 2520 997 2572 distance

70 2582 236 2699 l'retnvqpqnltha
247 2591 297 2630 two
308 2580 444 2641 squadrons
455 2594 506 2626 was
517 2577 583 2638 eight
596 2576 716 2625 thousand
726 2593 806 2638 paces.
839 2579 960 2641 Compare
971 2582 996 2633 ii.

99 2714 236 2774 'Namely‚
249 2731 332 2770 nova,
348 2711 392 2760 ‘he
400 2721 441 2760 set
452 2711 515 2760 sail'
549 2709 669 2770 Compara
680 2727 703 2759 v.
715 2715 753 2760 23.

99 2801 174 2850 ‘The
186 2800 253 2849 word
269 2802 385 2862 expositus
402 2815 483 2848 seems
496 2798 554 2847 herc
565 2807 590 2846 to
601 2799 631 2847 be
643 2799 703 2848 used
715 2800 750 2848 ior
760 2803 898 2864 dispositas,
911 2803 955 2850 but
971 2810 996 2850 at

71 2860 112 2909 the
128 2876 196 2914 same
213 2861 271 2908 time
288 2870 314 2908 to
330 2859 427 2908 contain
443 2859 484 2906 the
500 2859 555 2906 idea
570 2859 623 2907 thet
640 2859 682 2907 the
698 2869 780 2919 troops
793 2877 858 2910 were
875 2859 997 2909 stationed

72 2919 140 2968 there
158 2932 225 2968 more
236 2919 272 2968 sor
283 2920 324 2968 the
340 2933 443 2978 purpose
459 2916 487 2965 os
498 2918 602 2986 striking
618 2928 695 2966 terror
711 2919 762 2967 into
778 2921 820 2968 the
837 2921 945 2968 Romans
962 2920 996 2979 by

72 2978 134 3027 their
145 2994 302 3039 appearance,
314 2978 375 3026 than
384 2978 444 3027 with
455 2979 497 3025 the
508 2978 628 3025 intention
638 2977 666 3025 os
678 2977 784 3038 actually
794 2979 905 3039 fighting.

101 3067 186 3116 “Tha
203 3067 234 3122 is,
252 3066 290 3115 till
306 3067 380 3115 about
397 3065 465 3114 three
481 3063 578 3113 o’cloclr
595 3064 620 3112 in
636 3063 677 3111 the
696 3063 829 3111 aftemoon.
860 3063 935 3112 From
953 3063 996 3112 tha

73 3125 151 3175 whole
162 3125 242 3173 deseri
259 3125 319 3181 tion,
330 3124 349 3171 it
360 3124 380 3171 is
392 3124 488 3173 arrident
501 3124 552 3172 that
563 3122 654 3170 Caesar
662 3131 729 3170 rnrrst
740 3121 802 3170 have
813 3122 900 3173 landed
911 3139 943 3173 on
953 3123 995 3174 tha

73 3194 139 3234 coast
150 3184 179 3233 os
190 3141 312 3246 Engiend,
326 3184 439 3231 between
449 3181 530 3230 Doter
541 3181 588 3230 and
599 3181 678 3230 South
689 3179 819 3231 Foreland.
