2146 3704
466 121 561 164 crana
579 123 601 168 1.
957 108 998 167 tr

68 247 147 286 usum
161 228 301 283 habehant
309 231 327 283 :¹
343 244 456 300 quorum
467 231 537 284 alius
548 232 600 284 alia
612 249 693 285 causa
711 231 791 302 illata,
804 249 887 301 quam
899 233 950 286 sibi
961 233 997 286 ad

68 300 294 370 proficiscendum
303 301 480 353 necessariam
489 318 549 354 esse
557 302 665 370 diceret,
674 302 791 370 petebat,
802 309 830 352 ut
840 301 899 372 ejus
907 302 997 355 volun·

68 378 123 422 tate
147 368 291 421 discedere
309 369 415 437 liceret,
443 370 561 431 nonnulli
587 370 687 440 pudore
712 370 830 436 adducti,
850 379 879 423 ut
896 372 997 424 timoris

69 438 248 508 suspicionem
270 437 389 507 vitarent,
397 440 586 508 remanebant.
622 440 656 491 Hi
674 456 762 508 neque
775 439 879 495 vultum
896 440 997 508 fingere

70 525 159 576 neque
178 507 313 560 interdum
331 508 457 561 lacrimas
475 518 566 561 tenere
585 517 719 577 poterant:
738 508 824 564 abditi
836 508 863 560 iu
876 509 997 561 taberna-

70 578 139 630 culis
151 585 199 629 aut
212 594 291 630 suum
305 576 390 630 fatum
408 578 594 647 querebantur,
608 587 654 630 aut
672 595 736 630 cum
753 576 930 630 familiaribus
943 578 998 630 suis

71 663 216 699 commune
229 647 379 714 periculum
390 647 593 715 miserabantur.
630 647 715 714 Vulgo
729 647 790 700 totis
807 646 901 699 castris
918 655 998 698 testa·

71 725 164 769 menta
184 715 401 783 obsignabantur.
438 717 538 768 Horum
560 716 670 769 vocibus
693 734 725 770 ac
749 717 844 768 timore
868 715 998 785 paulatim

72 784 154 837 etiarn
169 784 204 853 hi,
218 786 264 853 qui
282 802 412 853 magnum
424 785 450 838 in
462 786 556 838 castris
573 801 652 838 usum
666 785 809 852 habebant,
824 786 924 838 milites
936 801 998 837 cen-

72 855 252 922 turionesque,
265 854 366 924 quique
378 854 508 922 equitatui
519 865 665 924 praeerant,
679 855 909 924 perturbabantur.
945 853 998 913 Qui

72 940 102 975 sa
114 940 155 975 -ex
173 923 217 976 his
235 925 324 976 minus
341 924 449 976 timidos
467 925 614 977 existimari
627 925 759 994 volebant,
772 942 823 977 non
843 942 872 977 se
892 924 998 976 hostem

73 993 167 1060 vereri,
181 991 230 1045 sed
249 993 387 1060 angustias
399 994 500 1046 itineris
511 1001 538 1046 et
550 994 761 1060 magnitudinem
779 995 914 1062 silvarum,
928 1009 998 1061 quae

72 1061 200 1114 intereos
218 1071 300 1130 atque
313 1063 475 1116 Ariovistum
494 1063 696 1133 intercederent,
710 1071 756 1117 aut
776 1081 834 1115 rem
852 1063 998 1119 frumenta-

73 1131 159 1200 riam,²
178 1140 207 1182 ut
227 1133 292 1184 satis
311 1133 452 1185 commode
471 1134 618 1202 supportari
636 1141 733 1202 posset,
753 1133 848 1186 timere
865 1131 998 1184 dicebaut.

72 1199 200 1254 Nonnulli
220 1201 302 1253 etiarn
321 1201 427 1254 Caesari
447 1203 640 1272 renuntiabant,
660 1220 722 1255 curn
742 1211 828 1255 castra
848 1200 949 1253 moveri
966 1216 1000 1252 ao

73 1270 148 1338 signa
166 1269 229 1321 ferri
247 1268 377 1338 jussisset,
397 1288 448 1322 nou
467 1271 523 1322 sore
541 1270 611 1323 dicto
630 1271 772 1323 audientes
790 1271 891 1322 milites
909 1285 999 1337 neque

73 1350 178 1408 propter
190 1339 315 1392 timorem
327 1340 403 1407 signa
415 1339 522 1391 laturos.

108 1413 149 1461 40.
169 1408 245 1461 Haeo
257 1425 320 1460 cum
333 1409 572 1476 animadvertisset,
586 1415 730 1459 convocato
749 1406 856 1458 consilio
869 1405 1000 1458 omniurn·

74 1493 126 1546 que
149 1477 284 1530 ordinum⁸
300 1477 334 1530 ad
354 1478 380 1530 id
399 1478 538 1530 consilium
556 1477 683 1529 adhibitis
701 1475 900 1528 centurionibus
919 1473 1000 1528 vehe-

74 1556 178 1599 menter
190 1564 237 1599 eos
249 1548 397 1599 incusavit:
417 1547 541 1616 primurn,
555 1546 626 1614 quod
638 1554 684 1598 aut
697 1563 778 1615 quarn
792 1546 818 1596 in
832 1552 942 1612 partem,
953 1551 1000 1596 aut

74 1633 124 1684 quo
150 1616 260 1668 consilio
285 1615 453 1685 ducerentur,
473 1616 522 1668 sibi
548 1615 733 1684 quaerendum
758 1623 804 1666 aut
829 1613 1000 1680 cogitandum

73 1693 205 1755 putarent.
242 1685 407 1739 Ariovistum
426 1703 455 1737 se
473 1685 582 1737 consule
601 1684 773 1753 cupidissime
786 1683 877 1752 populi
889 1682 1000 1735 Romani

73 1754 219 1818 amicitiam
232 1745 391 1824 appetisse?
406 1773 453 1807 cur·
462 1755 533 1806 hunc
544 1764 598 1807 tam
608 1763 709 1807 temere
718 1755 859 1823 quisquam
869 1752 1000 1805 abofficio

73 1822 257 1877 discessumm
274 1823 427 1894 judicaretl
464 1823 517 1877 Sibi
530 1824 639 1892 quidem
652 1823 806 1892 persuaderi
819 1823 932 1891 cognitis
945 1823 1000 1875 suis

73 1892 214 1960 postulatis
231 1902 313 1962 atque
330 1895 467 1962 aequitate
484 1894 666 1946 conditionum
684 1901 824 1962 perspecta
836 1910 899 1945 eum
912 1907 1000 1960 neque

73 1978 150 2015 suam
175 1979 264 2031 neque
280 1963 369 2031 populi
384 1964 495 2016 Romani
507 1965 622 2030 gratiam
635 1963 843 2031 repudiaturum.
880 1961 957 2020 Quod
977 1977 1000 2012 ει

75 2029 164 2083 lurore
176 2041 257 2100 atque
270 2033 388 2085 amentia
401 2032 532 2102 impulsus
544 2033 644 2086 bellurn
659 2033 798 2099 intulisset,
812 2031 876 2099 quid
891 2029 1001 2082 tandem

74 2101 248 2153 vererenturl
267 2111 314 2153 aut
334 2119 381 2155 cur
401 2102 435 2154 de
456 2119 504 2153 sua
523 2102 619 2154 virtute
639 2110 686 2154 aut
706 2101 740 2152 de
761 2101 844 2168 ipsius
863 2099 1001 2166 diligentia

74 2167 267 2238 desperarentl
287 2171 400 2223 Factum
412 2170 471 2240 ejus
483 2170 567 2223 hostis
578 2170 726 2239 periculum
735 2179 841 2237 patrum
854 2178 1001 2221 nostrorum

75 2241 214 2307 memoria,
228 2257 291 2293 cum
311 2239 424 2293 Cimbris
444 2248 470 2292 et
483 2241 612 2292 Teutonis
630 2257 646 2291 a
664 2239 727 2291 Caio
739 2239 825 2290 Mario
846 2238 931 2306 pulsis
949 2254 1000 2290 uon

75 2307 205 2361 minorem
218 2309 326 2361 laudem
340 2310 479 2378 exercitus,
493 2326 574 2378 quam
588 2309 645 2378 ipse
658 2309 799 2377 imperator
808 2309 919 2359 meritus
928 2305 1000 2358 vide-

106 2495 114 2522 ²
131 2493 223 2540 Caesar
234 2511 284 2542 was
302 2492 473 2552 accompanied
489 2492 514 2539 in
526 2491 590 2539 Gaul
606 2493 664 2552 bya
680 2490 745 2550 large
762 2491 865 2537 number
880 2491 908 2537 of
920 2506 1001 2551 young

77 2550 197 2607 Romans,
209 2553 265 2600 who
276 2554 363 2601 served
374 2569 401 2600 as
412 2553 521 2599 tribunes
532 2551 560 2598 os
568 2551 608 2598 the
619 2550 731 2606 soldiers‚
744 2565 771 2596 or
782 2565 808 2597 as
819 2549 914 2598 officers
926 2551 953 2598 os
962 2550 1002 2599 the

76 2611 195 2671 auxiliary
207 2622 297 2670 troops.

106 2685 115 2712 ²
126 2684 181 2732 The
193 2686 330 2732 accusative
342 2703 388 2732 rem
397 2685 583 2790 frumentorium
594 2683 614 2730 is
626 2699 640 2730 a
651 2681 814 2730 construction
826 2682 930 2742 adopted
941 2685 1002 2732 from

76 2743 120 2792 the
133 2744 216 2791 Greek
233 2744 321 2804 langua
339 2760 361 2799 e,
375 2760 397 2790 w
417 2759 456 2790 ere
473 2744 491 2790 it
508 2743 528 2790 is
539 2758 600 2801 very
609 2757 735 2798 commem
753 2742 794 2788 the
806 2743 917 2803 ordinary
930 2744 1002 2792 Latin

46 2813 48 2817 ⁴
76 2803 243 2852 construction
253 2761 338 2850 woutl
345 2805 388 2851 be:
406 2811 447 2850 cut
458 2803 663 2864 ressrumerrtcric
674 2803 734 2848 actia
745 2805 856 2849 omnmode
866 2812 1003 2864 supportcrr

81 2871 167 2925 posset.

107 2938 181 2985 'The
198 2938 293 2983 ordiner
310 2951 349 2983 ura
366 2936 407 2984 the
423 2938 548 2998 manipuli,
562 2934 590 2983 os
601 2935 682 2982 which
697 2935 766 2982 there
782 2950 847 2981 were
863 2934 938 2995 thirty
949 2935 973 2981 in
989 2951 1004 2983 ι

77 2996 168 3056 legion,
187 2996 233 3043 and
252 2996 320 3062 three
337 2996 360 3042 in
376 3011 391 3064 a
407 2995 497 3064 cohart.
529 2994 596 3043 Each
614 2994 693 3100 legion
709 2993 756 3041 had
772 2993 837 3060 sixty
849 2994 1000 3052 centuriam

77 3054 347 3174 ppgeppntthgrrpsppsrples
358 3054 459 3103 differed
470 3070 494 3102 rn
505 3054 574 3111 rank,
587 3069 616 3102 so
626 3070 640 3101 a
650 3068 679 3100 so
689 3053 730 3099 the
742 3061 881 3102 centurione
892 3067 957 3102 were
974 3057 999 3102 ol
