<?xml version="1.0" encoding="UTF-8"?>
<!DOCTYPE html PUBLIC "-//W3C//DTD XHTML 1.0 Transitional//EN"
    "http://www.w3.org/TR/xhtml1/DTD/xhtml1-transitional.dtd">
<html xmlns="http://www.w3.org/1999/xhtml" xml:lang="en" lang="en">
 <head>
  <title>
</title>
<meta http-equiv="Content-Type" content="text/html;charset=utf-8" />
  <meta name='ocr-system' content='tesseract 3.04.00' />
  <meta name='ocr-capabilities' content='ocr_page ocr_carea ocr_par ocr_line ocrx_word'/>
</head>
<body>
  <div class='ocr_page' id='page_1' title='image "./cjuliicaesarisc02caesgoog_0212.png"; bbox 0 0 2146 3704; ppageno 0'>
   <div class='ocr_carea' id='block_1_1' title="bbox 447 101 998 171">
    <p class='ocr_par' dir='ltr' id='par_1_1' title="bbox 447 101 998 171">
     <span class='ocr_line' id='line_1_1' title="bbox 447 101 998 171; baseline 0.009 -14"><span class='ocrx_word' id='word_1_1' title='bbox 447 115 540 158; x_wconf 78' lang='lat' dir='ltr'><strong>crasa</strong></span> <span class='ocrx_word' id='word_1_2' title='bbox 558 117 612 171; x_wconf 77' lang='lat' dir='ltr'><strong>ru.</strong></span> <span class='ocrx_word' id='word_1_3' title='bbox 937 101 998 162; x_wconf 71' lang='lat'><strong>203</strong></span> 
     </span>
    </p>
   </div>
   <div class='ocr_carea' id='block_1_2' title="bbox 67 221 995 304">
    <p class='ocr_par' dir='ltr' id='par_1_2' title="bbox 67 221 995 304">
     <span class='ocr_line' id='line_1_2' title="bbox 67 221 995 304; baseline 0.003 -26"><span class='ocrx_word' id='word_1_4' title='bbox 67 238 171 293; x_wconf 84' lang='lat' dir='ltr'><strong>umque</strong></span> <span class='ocrx_word' id='word_1_5' title='bbox 189 221 335 278; x_wconf 89' lang='lat' dir='ltr'><strong>difficultas</strong></span> <span class='ocrx_word' id='word_1_6' title='bbox 353 225 526 296; x_wconf 90' lang='lat' dir='ltr'><strong>impediebat,</strong></span> <span class='ocrx_word' id='word_1_7' title='bbox 545 235 604 279; x_wconf 91' lang='lat' dir='ltr'><strong>tum</strong></span> <span class='ocrx_word' id='word_1_8' title='bbox 622 225 750 304; x_wconf 84' lang='lat' dir='ltr'><strong>maxime,</strong></span> <span class='ocrx_word' id='word_1_9' title='bbox 770 226 840 295; x_wconf 91' lang='lat' dir='ltr'><strong>quod</strong></span> <span class='ocrx_word' id='word_1_10' title='bbox 860 226 995 297; x_wconf 83' lang='lat' dir='ltr'><strong>abjunctc¹</strong></span> 
     </span>
    </p>
   </div>
   <div class='ocr_carea' id='block_1_3' title="bbox 66 293 1013 2169">
    <p class='ocr_par' dir='ltr' id='par_1_3' title="bbox 66 293 1013 971">
     <span class='ocr_line' id='line_1_3' title="bbox 67 293 997 365; baseline 0.003 -19"><span class='ocrx_word' id='word_1_11' title='bbox 67 293 189 346; x_wconf 89' lang='lat' dir='ltr'>Labieno</span> <span class='ocrx_word' id='word_1_12' title='bbox 207 301 288 362; x_wconf 88' lang='lat' dir='ltr'><strong>atque</strong></span> <span class='ocrx_word' id='word_1_13' title='bbox 306 294 340 346; x_wconf 90' lang='lat' dir='ltr'><strong>iis</strong></span> <span class='ocrx_word' id='word_1_14' title='bbox 357 295 513 365; x_wconf 80' lang='lat' dir='ltr'><strong>legionibus,</strong></span> <span class='ocrx_word' id='word_1_15' title='bbox 527 313 594 364; x_wconf 86' lang='lat' dir='ltr'><strong>quas</strong></span> <span class='ocrx_word' id='word_1_16' title='bbox 612 313 666 347; x_wconf 92' lang='lat' dir='ltr'><strong>una</strong></span> <span class='ocrx_word' id='word_1_17' title='bbox 682 305 800 364; x_wconf 81' lang='lat' dir='ltr'><strong>miserat,</strong></span> <span class='ocrx_word' id='word_1_18' title='bbox 821 297 997 349; x_wconf 89' lang='lat' dir='ltr'><strong>vehementer</strong></span> 
     </span>
     <span class='ocr_line' id='line_1_4' title="bbox 66 362 997 434; baseline 0.005 -19"><span class='ocrx_word' id='word_1_19' title='bbox 66 362 191 415; x_wconf 88' lang='lat' dir='ltr'><strong>timebat.</strong></span> <span class='ocrx_word' id='word_1_20' title='bbox 228 363 323 432; x_wconf 89' lang='lat' dir='ltr'><strong>Itaque</strong></span> <span class='ocrx_word' id='word_1_21' title='bbox 346 364 493 417; x_wconf 87' lang='lat' dir='ltr'>admodum</span> <span class='ocrx_word' id='word_1_22' title='bbox 517 364 622 431; x_wconf 87' lang='lat' dir='ltr'><strong>magnis</strong></span> <span class='ocrx_word' id='word_1_23' title='bbox 639 364 740 417; x_wconf 88' lang='lat' dir='ltr'><strong>diurnis</strong></span> <span class='ocrx_word' id='word_1_24' title='bbox 763 374 845 434; x_wconf 90' lang='lat' dir='ltr'><strong>atque</strong></span> <span class='ocrx_word' id='word_1_25' title='bbox 863 368 997 420; x_wconf 75' lang='lat' dir='ltr'><strong>nocturnis</strong></span> 
     </span>
     <span class='ocr_line' id='line_1_5' title="bbox 67 431 997 503; baseline 0.002 -18"><span class='ocrx_word' id='word_1_26' title='bbox 67 431 210 485; x_wconf 88' lang='lat' dir='ltr'><strong>itinerious</strong></span> <span class='ocrx_word' id='word_1_27' title='bbox 228 433 365 503; x_wconf 85' lang='lat' dir='ltr'><strong>conlectis,</strong></span> <span class='ocrx_word' id='word_1_28' title='bbox 385 443 475 487; x_wconf 90' lang='lat' dir='ltr'><strong>contra</strong></span> <span class='ocrx_word' id='word_1_29' title='bbox 498 436 618 486; x_wconf 93' lang='lat' dir='ltr'><strong>omnium</strong></span> <span class='ocrx_word' id='word_1_30' title='bbox 642 434 797 502; x_wconf 86' lang='lat' dir='ltr'><strong>opinionem</strong></span> <span class='ocrx_word' id='word_1_31' title='bbox 821 433 855 486; x_wconf 94' lang='lat' dir='ltr'><strong>ad</strong></span> <span class='ocrx_word' id='word_1_32' title='bbox 877 435 997 502; x_wconf 83' lang='lat' dir='ltr'><strong>Ligerim</strong></span> 
     </span>
     <span class='ocr_line' id='line_1_6' title="bbox 67 502 997 572; baseline 0.003 -19"><span class='ocrx_word' id='word_1_33' title='bbox 67 502 207 571; x_wconf 73' lang='lat' dir='ltr'><strong>pervenit,</strong></span> <span class='ocrx_word' id='word_1_34' title='bbox 231 503 353 571; x_wconf 84' lang='lat' dir='ltr'><strong>vadoque</strong></span> <span class='ocrx_word' id='word_1_35' title='bbox 377 520 425 571; x_wconf 90' lang='lat' dir='ltr'><strong>per</strong></span> <span class='ocrx_word' id='word_1_36' title='bbox 443 505 549 571; x_wconf 79' lang='lat' dir='ltr'><strong>equites</strong></span> <span class='ocrx_word' id='word_1_37' title='bbox 573 503 689 571; x_wconf 84' lang='lat' dir='ltr'><strong>invento,</strong></span> <span class='ocrx_word' id='word_1_38' title='bbox 714 520 760 572; x_wconf 87' lang='lat' dir='ltr'><strong>pro</strong></span> <span class='ocrx_word' id='word_1_39' title='bbox 779 504 816 555; x_wconf 90' lang='lat' dir='ltr'><strong>rei</strong></span> <span class='ocrx_word' id='word_1_40' title='bbox 835 503 997 556; x_wconf 79' lang='lat' dir='ltr'><strong>necessitate</strong></span> 
     </span>
     <span class='ocr_line' id='line_1_7' title="bbox 67 571 1013 640; baseline 0.002 -17"><span class='ocrx_word' id='word_1_41' title='bbox 67 579 224 640; x_wconf 86' lang='lat' dir='ltr'><strong>opportuna,</strong></span> <span class='ocrx_word' id='word_1_42' title='bbox 237 581 266 623; x_wconf 92' lang='lat' dir='ltr'><strong>ut</strong></span> <span class='ocrx_word' id='word_1_43' title='bbox 279 572 388 625; x_wconf 90' lang='lat' dir='ltr'><strong>brachia</strong></span> <span class='ocrx_word' id='word_1_44' title='bbox 400 572 479 624; x_wconf 90' lang='lat' dir='ltr'><strong>modo</strong></span> <span class='ocrx_word' id='word_1_45' title='bbox 492 581 573 640; x_wconf 90' lang='lat' dir='ltr'><strong>atque</strong></span> <span class='ocrx_word' id='word_1_46' title='bbox 585 571 691 624; x_wconf 85' lang='lat' dir='ltr'><strong>humeri</strong></span> <span class='ocrx_word' id='word_1_47' title='bbox 703 572 737 624; x_wconf 91' lang='lat' dir='ltr'><strong>ad</strong></span> <span class='ocrx_word' id='word_1_48' title='bbox 751 572 909 625; x_wconf 88' lang='lat' dir='ltr'><strong>sustinenda</strong></span> <span class='ocrx_word' id='word_1_49' title='bbox 921 586 1013 625; x_wconf 86' lang='lat' dir='ltr'><strong>arma·</strong></span> 
     </span>
     <span class='ocr_line' id='line_1_8' title="bbox 67 640 997 712; baseline 0.001 -19"><span class='ocrx_word' id='word_1_50' title='bbox 67 640 147 693; x_wconf 90' lang='lat' dir='ltr'><strong>liberi</strong></span> <span class='ocrx_word' id='word_1_51' title='bbox 164 640 201 692; x_wconf 89' lang='lat' dir='ltr'><strong>ab</strong></span> <span class='ocrx_word' id='word_1_52' title='bbox 218 657 288 708; x_wconf 90' lang='lat' dir='ltr'><strong>aqua</strong></span> <span class='ocrx_word' id='word_1_53' title='bbox 307 659 367 694; x_wconf 88' lang='lat' dir='ltr'><strong>esse</strong></span> <span class='ocrx_word' id='word_1_54' title='bbox 385 650 502 710; x_wconf 83' lang='lat' dir='ltr'><strong>possent,</strong></span> <span class='ocrx_word' id='word_1_55' title='bbox 522 642 650 710; x_wconf 89' lang='lat' dir='ltr'><strong>disposito</strong></span> <span class='ocrx_word' id='word_1_56' title='bbox 668 642 796 712; x_wconf 89' lang='lat' dir='ltr'><strong>equitatu,</strong></span> <span class='ocrx_word' id='word_1_57' title='bbox 809 643 855 711; x_wconf 92' lang='lat' dir='ltr'><strong>qui</strong></span> <span class='ocrx_word' id='word_1_58' title='bbox 875 642 929 694; x_wconf 91' lang='lat' dir='ltr'><strong>vim</strong></span> <span class='ocrx_word' id='word_1_59' title='bbox 947 641 997 694; x_wconf 88' lang='lat' dir='ltr'><strong>flu-</strong></span> 
     </span>
     <span class='ocr_line' id='line_1_9' title="bbox 67 709 995 781; baseline 0.001 -19"><span class='ocrx_word' id='word_1_60' title='bbox 67 710 151 762; x_wconf 83' lang='lat' dir='ltr'><strong>minis</strong></span> <span class='ocrx_word' id='word_1_61' title='bbox 163 709 327 780; x_wconf 80' lang='lat' dir='ltr'><strong>refringeret,</strong></span> <span class='ocrx_word' id='word_1_62' title='bbox 340 719 421 779; x_wconf 90' lang='lat' dir='ltr'><strong>atque</strong></span> <span class='ocrx_word' id='word_1_63' title='bbox 437 710 559 764; x_wconf 90' lang='lat' dir='ltr'><strong>hostibus</strong></span> <span class='ocrx_word' id='word_1_64' title='bbox 577 711 662 780; x_wconf 88' lang='lat' dir='ltr'><strong>primo</strong></span> <span class='ocrx_word' id='word_1_65' title='bbox 680 711 811 781; x_wconf 88' lang='lat' dir='ltr'><strong>adspectu</strong></span> <span class='ocrx_word' id='word_1_66' title='bbox 826 711 995 781; x_wconf 88' lang='lat' dir='ltr'><strong>perturbatis,</strong></span> 
     </span>
     <span class='ocr_line' id='line_1_10' title="bbox 68 779 997 850; baseline 0.002 -19"><span class='ocrx_word' id='word_1_67' title='bbox 68 779 234 832; x_wconf 91' lang='lat' dir='ltr'><strong>incolumem</strong></span> <span class='ocrx_word' id='word_1_68' title='bbox 252 780 401 833; x_wconf 84' lang='lat' dir='ltr'><strong>exercitum</strong></span> <span class='ocrx_word' id='word_1_69' title='bbox 417 781 580 833; x_wconf 85' lang='lat' dir='ltr'><strong>transduxit:</strong></span> <span class='ocrx_word' id='word_1_70' title='bbox 601 779 820 850; x_wconf 85' lang='lat' dir='ltr'><strong>frumentumque</strong></span> <span class='ocrx_word' id='word_1_71' title='bbox 837 782 864 834; x_wconf 94' lang='lat' dir='ltr'><strong>in</strong></span> <span class='ocrx_word' id='word_1_72' title='bbox 881 781 952 849; x_wconf 85' lang='lat' dir='ltr'><strong>agris</strong></span> <span class='ocrx_word' id='word_1_73' title='bbox 969 788 997 833; x_wconf 87' lang='lat' dir='ltr'><strong>et</strong></span> 
     </span>
     <span class='ocr_line' id='line_1_11' title="bbox 68 848 997 921; baseline 0.005 -22"><span class='ocrx_word' id='word_1_74' title='bbox 68 848 174 918; x_wconf 89' lang='lat' dir='ltr'><strong>pecoris</strong></span> <span class='ocrx_word' id='word_1_75' title='bbox 192 849 297 917; x_wconf 89' lang='lat' dir='ltr'><strong>copiam</strong></span> <span class='ocrx_word' id='word_1_76' title='bbox 315 857 418 919; x_wconf 83' lang='lat' dir='ltr'><strong>nactae,</strong></span> <span class='ocrx_word' id='word_1_77' title='bbox 432 849 532 919; x_wconf 89' lang='lat' dir='ltr'><strong>repleto</strong></span> <span class='ocrx_word' id='word_1_78' title='bbox 551 850 584 903; x_wconf 91' lang='lat' dir='ltr'><strong>iis</strong></span> <span class='ocrx_word' id='word_1_79' title='bbox 602 850 683 904; x_wconf 90' lang='lat' dir='ltr'><strong>rebus</strong></span> <span class='ocrx_word' id='word_1_80' title='bbox 701 852 827 921; x_wconf 84' lang='lat' dir='ltr'><strong>exercitu,</strong></span> <span class='ocrx_word' id='word_1_81' title='bbox 842 851 891 904; x_wconf 90' lang='lat' dir='ltr'><strong>iter</strong></span> <span class='ocrx_word' id='word_1_82' title='bbox 906 851 934 904; x_wconf 91' lang='lat' dir='ltr'><strong>in</strong></span> <span class='ocrx_word' id='word_1_83' title='bbox 951 849 997 904; x_wconf 87' lang='lat' dir='ltr'><strong>Se·</strong></span> 
     </span>
     <span class='ocr_line' id='line_1_12' title="bbox 68 917 391 971; baseline 0 -1"><span class='ocrx_word' id='word_1_84' title='bbox 68 934 154 970; x_wconf 90' lang='lat' dir='ltr'><strong>nonas</strong></span> <span class='ocrx_word' id='word_1_85' title='bbox 166 917 256 970; x_wconf 85' lang='lat' dir='ltr'><strong>lacere</strong></span> <span class='ocrx_word' id='word_1_86' title='bbox 269 919 391 971; x_wconf 87' lang='lat' dir='ltr'><strong>instituit.</strong></span> 
     </span>
    </p>

    <p class='ocr_par' dir='ltr' id='par_1_4' title="bbox 68 987 998 1820">
     <span class='ocr_line' id='line_1_13' title="bbox 103 987 996 1058; baseline 0.001 -19"><span class='ocrx_word' id='word_1_87' title='bbox 103 992 148 1040; x_wconf 83' lang='lat'><strong>57.</strong></span> <span class='ocrx_word' id='word_1_88' title='bbox 167 987 239 1040; x_wconf 90' lang='lat' dir='ltr'><strong>Dum</strong></span> <span class='ocrx_word' id='word_1_89' title='bbox 257 987 326 1040; x_wconf 91' lang='lat' dir='ltr'><strong>haec</strong></span> <span class='ocrx_word' id='word_1_90' title='bbox 344 987 416 1058; x_wconf 91' lang='lat' dir='ltr'><strong>apud</strong></span> <span class='ocrx_word' id='word_1_91' title='bbox 428 988 572 1040; x_wconf 84' lang='lat' dir='ltr'><strong>Caesarem</strong></span> <span class='ocrx_word' id='word_1_92' title='bbox 587 996 721 1058; x_wconf 84' lang='lat' dir='ltr'><strong>geruntur,</strong></span> <span class='ocrx_word' id='word_1_93' title='bbox 736 988 871 1041; x_wconf 85' lang='lat' dir='ltr'><strong>Labienus</strong></span> <span class='ocrx_word' id='word_1_94' title='bbox 886 1005 919 1040; x_wconf 91' lang='lat' dir='ltr'><strong>eo</strong></span> <span class='ocrx_word' id='word_1_95' title='bbox 936 1005 996 1058; x_wconf 91' lang='lat' dir='ltr'><strong>sup-</strong></span> 
     </span>
     <span class='ocr_line' id='line_1_14' title="bbox 69 1057 997 1126; baseline 0.002 -18"><span class='ocrx_word' id='word_1_96' title='bbox 69 1057 214 1125; x_wconf 91' lang='lat' dir='ltr'><strong>plemento,</strong></span> <span class='ocrx_word' id='word_1_97' title='bbox 229 1057 299 1126; x_wconf 90' lang='lat' dir='ltr'><strong>quod</strong></span> <span class='ocrx_word' id='word_1_98' title='bbox 319 1075 404 1126; x_wconf 89' lang='lat' dir='ltr'><strong>nuper</strong></span> <span class='ocrx_word' id='word_1_99' title='bbox 422 1074 456 1110; x_wconf 88' lang='lat' dir='ltr'><strong>ex</strong></span> <span class='ocrx_word' id='word_1_100' title='bbox 474 1057 550 1110; x_wconf 91' lang='lat' dir='ltr'><strong>ltalia</strong></span> <span class='ocrx_word' id='word_1_101' title='bbox 566 1066 682 1126; x_wconf 88' lang='lat' dir='ltr'><strong>venerat,</strong></span> <span class='ocrx_word' id='word_1_102' title='bbox 696 1057 787 1110; x_wconf 90' lang='lat' dir='ltr'><strong>relicto</strong></span> <span class='ocrx_word' id='word_1_103' title='bbox 801 1057 952 1126; x_wconf 88' lang='lat' dir='ltr'><strong>Agendici,¹</strong></span> <span class='ocrx_word' id='word_1_104' title='bbox 966 1063 997 1110; x_wconf 88' lang='lat' dir='ltr'><strong>ut</strong></span> 
     </span>
     <span class='ocr_line' id='line_1_15' title="bbox 70 1126 997 1196; baseline 0.001 -18"><span class='ocrx_word' id='word_1_105' title='bbox 70 1134 144 1178; x_wconf 86' lang='lat' dir='ltr'><strong>esset</strong></span> <span class='ocrx_word' id='word_1_106' title='bbox 163 1126 364 1195; x_wconf 87' lang='lat' dir='ltr'><strong>impedimentis</strong></span> <span class='ocrx_word' id='word_1_107' title='bbox 382 1127 522 1196; x_wconf 87' lang='lat' dir='ltr'><strong>praesidio,</strong></span> <span class='ocrx_word' id='word_1_108' title='bbox 536 1145 599 1180; x_wconf 91' lang='lat' dir='ltr'><strong>cum</strong></span> <span class='ocrx_word' id='word_1_109' title='bbox 618 1136 730 1196; x_wconf 90' lang='lat' dir='ltr'><strong>quatuor</strong></span> <span class='ocrx_word' id='word_1_110' title='bbox 748 1127 898 1196; x_wconf 86' lang='lat' dir='ltr'><strong>legionibus</strong></span> <span class='ocrx_word' id='word_1_111' title='bbox 916 1126 997 1179; x_wconf 88' lang='lat' dir='ltr'><strong>Lute-</strong></span> 
     </span>
     <span class='ocr_line' id='line_1_16' title="bbox 70 1192 997 1274; baseline 0.003 -28"><span class='ocrx_word' id='word_1_112' title='bbox 70 1196 145 1248; x_wconf 84' lang='lat' dir='ltr'><strong>tiam⁸</strong></span> <span class='ocrx_word' id='word_1_113' title='bbox 162 1196 346 1265; x_wconf 87' lang='lat' dir='ltr'><strong>proficiscitur.</strong></span> <span class='ocrx_word' id='word_1_114' title='bbox 382 1196 413 1248; x_wconf 88' lang='lat' dir='ltr'><strong>Id</strong></span> <span class='ocrx_word' id='word_1_115' title='bbox 437 1205 478 1248; x_wconf 89' lang='lat' dir='ltr'><strong>est</strong></span> <span class='ocrx_word' id='word_1_116' title='bbox 496 1197 625 1274; x_wconf 90' lang='lat' dir='ltr'><strong>oppidum</strong></span> <span class='ocrx_word' id='word_1_117' title='bbox 645 1197 813 1266; x_wconf 84' lang='lat' dir='ltr'><strong>Parisiorum,</strong></span> <span class='ocrx_word' id='word_1_118' title='bbox 832 1197 950 1266; x_wconf 90' lang='lat' dir='ltr'><strong>positum</strong></span> <span class='ocrx_word' id='word_1_119' title='bbox 964 1192 997 1249; x_wconf 85' lang='lat' dir='ltr'><strong>in</strong></span> 
     </span>
     <span class='ocr_line' id='line_1_17' title="bbox 69 1264 995 1335; baseline -0.001 -18"><span class='ocrx_word' id='word_1_120' title='bbox 69 1264 157 1317; x_wconf 91' lang='lat' dir='ltr'><strong>insula</strong></span> <span class='ocrx_word' id='word_1_121' title='bbox 169 1265 288 1317; x_wconf 90' lang='lat' dir='ltr'><strong>fluminis</strong></span> <span class='ocrx_word' id='word_1_122' title='bbox 300 1265 448 1334; x_wconf 83' lang='lat' dir='ltr'><strong>Sequanae.</strong></span> <span class='ocrx_word' id='word_1_123' title='bbox 476 1266 559 1333; x_wconf 72' lang='lat' dir='ltr'><strong>Cujus</strong></span> <span class='ocrx_word' id='word_1_124' title='bbox 570 1266 688 1318; x_wconf 87' lang='lat' dir='ltr'><strong>adventu</strong></span> <span class='ocrx_word' id='word_1_125' title='bbox 701 1266 735 1318; x_wconf 91' lang='lat' dir='ltr'><strong>ab</strong></span> <span class='ocrx_word' id='word_1_126' title='bbox 747 1266 869 1318; x_wconf 88' lang='lat' dir='ltr'><strong>hostibus</strong></span> <span class='ocrx_word' id='word_1_127' title='bbox 882 1266 995 1335; x_wconf 86' lang='lat' dir='ltr'><strong>cognito,</strong></span> 
     </span>
     <span class='ocr_line' id='line_1_18' title="bbox 69 1333 998 1402; baseline -0.002 -14"><span class='ocrx_word' id='word_1_128' title='bbox 69 1351 185 1402; x_wconf 88' lang='lat' dir='ltr'><strong>magnae</strong></span> <span class='ocrx_word' id='word_1_129' title='bbox 197 1352 232 1387; x_wconf 80' lang='lat' dir='ltr'><strong>ex</strong></span> <span class='ocrx_word' id='word_1_130' title='bbox 244 1335 366 1387; x_wconf 87' lang='lat' dir='ltr'><strong>finitimis</strong></span> <span class='ocrx_word' id='word_1_131' title='bbox 378 1333 533 1386; x_wconf 90' lang='lat' dir='ltr'><strong>civitatibus</strong></span> <span class='ocrx_word' id='word_1_132' title='bbox 547 1334 644 1402; x_wconf 86' lang='lat' dir='ltr'><strong>copiae</strong></span> <span class='ocrx_word' id='word_1_133' title='bbox 657 1344 847 1386; x_wconf 88' lang='lat' dir='ltr'><strong>convenerunt.</strong></span> <span class='ocrx_word' id='word_1_134' title='bbox 885 1334 998 1386; x_wconf 89' lang='lat' dir='ltr'><strong>Summa</strong></span> 
     </span>
     <span class='ocr_line' id='line_1_19' title="bbox 69 1402 997 1473; baseline 0 -18"><span class='ocrx_word' id='word_1_135' title='bbox 69 1403 175 1473; x_wconf 88' lang='lat' dir='ltr'><strong>imperii</strong></span> <span class='ocrx_word' id='word_1_136' title='bbox 200 1404 311 1457; x_wconf 83' lang='lat' dir='ltr'><strong>traditur</strong></span> <span class='ocrx_word' id='word_1_137' title='bbox 335 1403 516 1469; x_wconf 84' lang='lat' dir='ltr'><strong>Camulogeno</strong></span> <span class='ocrx_word' id='word_1_138' title='bbox 537 1404 663 1471; x_wconf 67' lang='lat' dir='ltr'><strong>⁴Aulerco,</strong></span> <span class='ocrx_word' id='word_1_139' title='bbox 683 1404 729 1470; x_wconf 88' lang='lat' dir='ltr'><strong>qui</strong></span> <span class='ocrx_word' id='word_1_140' title='bbox 752 1419 834 1471; x_wconf 91' lang='lat' dir='ltr'><strong>prope</strong></span> <span class='ocrx_word' id='word_1_141' title='bbox 858 1402 997 1455; x_wconf 87' lang='lat' dir='ltr'><strong>confectus</strong></span> 
     </span>
     <span class='ocr_line' id='line_1_20' title="bbox 68 1471 995 1543; baseline -0.001 -18"><span class='ocrx_word' id='word_1_142' title='bbox 68 1483 166 1543; x_wconf 83' lang='lat' dir='ltr'><strong>aetate,</strong></span> <span class='ocrx_word' id='word_1_143' title='bbox 181 1476 282 1525; x_wconf 86' lang='lat' dir='ltr'><strong>tamen⁴</strong></span> <span class='ocrx_word' id='word_1_144' title='bbox 300 1482 406 1543; x_wconf 89' lang='lat' dir='ltr'><strong>propter</strong></span> <span class='ocrx_word' id='word_1_145' title='bbox 425 1471 587 1539; x_wconf 86' lang='lat' dir='ltr'><strong>singularem</strong></span> <span class='ocrx_word' id='word_1_146' title='bbox 606 1473 747 1525; x_wconf 89' lang='lat' dir='ltr'><strong>scientiam</strong></span> <span class='ocrx_word' id='word_1_147' title='bbox 765 1473 804 1524; x_wconf 88' lang='lat' dir='ltr'><strong>rei</strong></span> <span class='ocrx_word' id='word_1_148' title='bbox 823 1471 944 1524; x_wconf 88' lang='lat' dir='ltr'><strong>militaris</strong></span> <span class='ocrx_word' id='word_1_149' title='bbox 961 1471 995 1524; x_wconf 93' lang='lat' dir='ltr'><strong>ad</strong></span> 
     </span>
     <span class='ocr_line' id='line_1_21' title="bbox 69 1540 997 1611; baseline -0.001 -16"><span class='ocrx_word' id='word_1_150' title='bbox 69 1559 134 1595; x_wconf 89' lang='lat' dir='ltr'><strong>eum</strong></span> <span class='ocrx_word' id='word_1_151' title='bbox 153 1552 194 1596; x_wconf 87' lang='lat' dir='ltr'><strong>est</strong></span> <span class='ocrx_word' id='word_1_152' title='bbox 212 1542 341 1595; x_wconf 91' lang='lat' dir='ltr'><strong>honorem</strong></span> <span class='ocrx_word' id='word_1_153' title='bbox 358 1551 494 1594; x_wconf 89' lang='lat' dir='ltr'><strong>evocatus.</strong></span> <span class='ocrx_word' id='word_1_154' title='bbox 531 1542 557 1594; x_wconf 90' lang='lat' dir='ltr'><strong>ls</strong></span> <span class='ocrx_word' id='word_1_155' title='bbox 575 1559 660 1610; x_wconf 91' lang='lat' dir='ltr'><strong>quum</strong></span> <span class='ocrx_word' id='word_1_156' title='bbox 678 1540 920 1610; x_wconf 89' lang='lat' dir='ltr'><strong>animadvertisset,</strong></span> <span class='ocrx_word' id='word_1_157' title='bbox 938 1559 997 1611; x_wconf 91' lang='lat' dir='ltr'><strong>per·</strong></span> 
     </span>
     <span class='ocr_line' id='line_1_22' title="bbox 68 1611 996 1690; baseline -0.001 -25"><span class='ocrx_word' id='word_1_158' title='bbox 68 1621 181 1690; x_wconf 87' lang='lat' dir='ltr'><strong>petuam</strong></span> <span class='ocrx_word' id='word_1_159' title='bbox 199 1629 259 1665; x_wconf 90' lang='lat' dir='ltr'><strong>esse</strong></span> <span class='ocrx_word' id='word_1_160' title='bbox 284 1612 420 1682; x_wconf 83' lang='lat' dir='ltr'><strong>paludem,</strong></span> <span class='ocrx_word' id='word_1_161' title='bbox 440 1627 509 1679; x_wconf 89' lang='lat' dir='ltr'><strong>qnae</strong></span> <span class='ocrx_word' id='word_1_162' title='bbox 534 1611 658 1663; x_wconf 89' lang='lat' dir='ltr'><strong>influeret</strong></span> <span class='ocrx_word' id='word_1_163' title='bbox 683 1612 710 1664; x_wconf 96' lang='lat' dir='ltr'><strong>in</strong></span> <span class='ocrx_word' id='word_1_164' title='bbox 734 1611 897 1680; x_wconf 81' lang='lat' dir='ltr'><strong>Sequanam⁶</strong></span> <span class='ocrx_word' id='word_1_165' title='bbox 914 1619 996 1680; x_wconf 90' lang='lat' dir='ltr'><strong>atqua</strong></span> 
     </span>
     <span class='ocr_line' id='line_1_23' title="bbox 68 1679 997 1750; baseline -0.001 -17"><span class='ocrx_word' id='word_1_166' title='bbox 68 1681 146 1734; x_wconf 81' lang='lat' dir='ltr'><strong>rllum</strong></span> <span class='ocrx_word' id='word_1_167' title='bbox 162 1699 272 1735; x_wconf 91' lang='lat' dir='ltr'><strong>omnem</strong></span> <span class='ocrx_word' id='word_1_168' title='bbox 289 1682 378 1733; x_wconf 91' lang='lat' dir='ltr'><strong>locum</strong></span> <span class='ocrx_word' id='word_1_169' title='bbox 394 1697 558 1748; x_wconf 87' lang='lat' dir='ltr'><strong>magnopere</strong></span> <span class='ocrx_word' id='word_1_170' title='bbox 574 1680 737 1750; x_wconf 81' lang='lat' dir='ltr'><strong>impediret,⁶</strong></span> <span class='ocrx_word' id='word_1_171' title='bbox 748 1679 793 1733; x_wconf 89' lang='lat' dir='ltr'><strong>hic</strong></span> <span class='ocrx_word' id='word_1_172' title='bbox 805 1679 926 1732; x_wconf 82' lang='lat' dir='ltr'><strong>consedit</strong></span> <span class='ocrx_word' id='word_1_173' title='bbox 937 1697 997 1732; x_wconf 90' lang='lat' dir='ltr'><strong>nos-</strong></span> 
     </span>
     <span class='ocr_line' id='line_1_24' title="bbox 69 1749 588 1820; baseline -0.002 -17"><span class='ocrx_word' id='word_1_174' title='bbox 69 1759 177 1820; x_wconf 88' lang='lat' dir='ltr'><strong>trosque</strong></span> <span class='ocrx_word' id='word_1_175' title='bbox 189 1753 301 1812; x_wconf 80' lang='lat' dir='ltr'><strong>transitu</strong></span> <span class='ocrx_word' id='word_1_176' title='bbox 315 1750 455 1819; x_wconf 91' lang='lat' dir='ltr'><strong>prohibere</strong></span> <span class='ocrx_word' id='word_1_177' title='bbox 468 1749 588 1802; x_wconf 88' lang='lat' dir='ltr'><strong>instituit.</strong></span> 
     </span>
    </p>

    <p class='ocr_par' dir='ltr' id='par_1_5' title="bbox 67 1819 998 2169">
     <span class='ocr_line' id='line_1_25' title="bbox 103 1819 997 1889; baseline -0.001 -17"><span class='ocrx_word' id='word_1_178' title='bbox 103 1826 147 1873; x_wconf 86' lang='lat'><strong>58.</strong></span> <span class='ocrx_word' id='word_1_179' title='bbox 166 1822 301 1874; x_wconf 85' lang='lat' dir='ltr'><strong>Labienus</strong></span> <span class='ocrx_word' id='word_1_180' title='bbox 325 1821 410 1889; x_wconf 88' lang='lat' dir='ltr'><strong>primo</strong></span> <span class='ocrx_word' id='word_1_181' title='bbox 429 1819 521 1872; x_wconf 90' lang='lat' dir='ltr'><strong>vineas</strong></span> <span class='ocrx_word' id='word_1_182' title='bbox 544 1837 632 1888; x_wconf 86' lang='lat' dir='ltr'><strong>agere,</strong></span> <span class='ocrx_word' id='word_1_183' title='bbox 652 1820 770 1873; x_wconf 86' lang='lat' dir='ltr'><strong>cratibus</strong></span> <span class='ocrx_word' id='word_1_184' title='bbox 793 1826 874 1887; x_wconf 91' lang='lat' dir='ltr'><strong>atque</strong></span> <span class='ocrx_word' id='word_1_185' title='bbox 898 1835 997 1888; x_wconf 87' lang='lat' dir='ltr'><strong>aggere</strong></span> 
     </span>
     <span class='ocr_line' id='line_1_26' title="bbox 67 1887 997 1960; baseline 0.001 -19"><span class='ocrx_word' id='word_1_186' title='bbox 67 1889 198 1959; x_wconf 84' lang='lat' dir='ltr'><strong>paludem</strong></span> <span class='ocrx_word' id='word_1_187' title='bbox 213 1891 321 1960; x_wconf 83' lang='lat' dir='ltr'><strong>explere</strong></span> <span class='ocrx_word' id='word_1_188' title='bbox 336 1899 417 1958; x_wconf 90' lang='lat' dir='ltr'><strong>atque</strong></span> <span class='ocrx_word' id='word_1_189' title='bbox 433 1889 483 1941; x_wconf 88' lang='lat' dir='ltr'><strong>iter</strong></span> <span class='ocrx_word' id='word_1_190' title='bbox 498 1891 602 1942; x_wconf 88' lang='lat' dir='ltr'><strong>munire</strong></span> <span class='ocrx_word' id='word_1_191' title='bbox 618 1890 771 1943; x_wconf 89' lang='lat' dir='ltr'><strong>conabatur.</strong></span> <span class='ocrx_word' id='word_1_192' title='bbox 808 1890 953 1958; x_wconf 90' lang='lat' dir='ltr'><strong>Postquam</strong></span> <span class='ocrx_word' id='word_1_193' title='bbox 969 1887 997 1942; x_wconf 92' lang='lat' dir='ltr'><strong>id</strong></span> 
     </span>
     <span class='ocr_line' id='line_1_27' title="bbox 69 1959 997 2028; baseline -0.002 -17"><span class='ocrx_word' id='word_1_194' title='bbox 69 1959 208 2012; x_wconf 89' lang='lat' dir='ltr'><strong>difficilius</strong></span> <span class='ocrx_word' id='word_1_195' title='bbox 223 1961 339 2013; x_wconf 82' lang='lat' dir='ltr'><strong>confieri⁷</strong></span> <span class='ocrx_word' id='word_1_196' title='bbox 349 1959 544 2028; x_wconf 87' lang='lat' dir='ltr'><strong>animadvertit,</strong></span> <span class='ocrx_word' id='word_1_197' title='bbox 565 1959 669 2012; x_wconf 88' lang='lat' dir='ltr'><strong>silentio</strong></span> <span class='ocrx_word' id='word_1_198' title='bbox 687 1978 703 2012; x_wconf 95' lang='lat' dir='ltr'><strong>e</strong></span> <span class='ocrx_word' id='word_1_199' title='bbox 721 1960 816 2012; x_wconf 88' lang='lat' dir='ltr'><strong>castris</strong></span> <span class='ocrx_word' id='word_1_200' title='bbox 835 1960 914 2012; x_wconf 88' lang='lat' dir='ltr'><strong>tertia</strong></span> <span class='ocrx_word' id='word_1_201' title='bbox 932 1959 997 2026; x_wconf 90' lang='lat' dir='ltr'><strong>vigi·</strong></span> 
     </span>
     <span class='ocr_line' id='line_1_28' title="bbox 68 2027 996 2098; baseline 0 -18"><span class='ocrx_word' id='word_1_202' title='bbox 68 2028 106 2080; x_wconf 93' lang='lat' dir='ltr'><strong>lia</strong></span> <span class='ocrx_word' id='word_1_203' title='bbox 119 2046 251 2096; x_wconf 80' lang='lat' dir='ltr'><strong>egressae,</strong></span> <span class='ocrx_word' id='word_1_204' title='bbox 263 2027 360 2081; x_wconf 89' lang='lat' dir='ltr'><strong>eodem</strong></span> <span class='ocrx_word' id='word_1_205' title='bbox 372 2046 424 2096; x_wconf 90' lang='lat' dir='ltr'><strong>quo</strong></span> <span class='ocrx_word' id='word_1_206' title='bbox 437 2037 546 2080; x_wconf 87' lang='lat' dir='ltr'><strong>venerat</strong></span> <span class='ocrx_word' id='word_1_207' title='bbox 559 2030 652 2081; x_wconf 88' lang='lat' dir='ltr'><strong>itinere</strong></span> <span class='ocrx_word' id='word_1_208' title='bbox 666 2029 854 2083; x_wconf 89' lang='lat' dir='ltr'><strong>Melodnnum⁸</strong></span> <span class='ocrx_word' id='word_1_209' title='bbox 866 2029 996 2098; x_wconf 89' lang='lat' dir='ltr'><strong>pervenit.</strong></span> 
     </span>
     <span class='ocr_line' id='line_1_29' title="bbox 68 2097 998 2169; baseline -0.001 -18"><span class='ocrx_word' id='word_1_210' title='bbox 68 2097 100 2151; x_wconf 92' lang='lat' dir='ltr'><strong>Id</strong></span> <span class='ocrx_word' id='word_1_211' title='bbox 121 2108 162 2151; x_wconf 87' lang='lat' dir='ltr'><strong>est</strong></span> <span class='ocrx_word' id='word_1_212' title='bbox 186 2099 315 2168; x_wconf 88' lang='lat' dir='ltr'><strong>oppidum</strong></span> <span class='ocrx_word' id='word_1_213' title='bbox 338 2099 480 2166; x_wconf 83' lang='lat' dir='ltr'><strong>Senonum,</strong></span> <span class='ocrx_word' id='word_1_214' title='bbox 501 2098 529 2148; x_wconf 91' lang='lat' dir='ltr'><strong>in</strong></span> <span class='ocrx_word' id='word_1_215' title='bbox 552 2097 639 2148; x_wconf 90' lang='lat' dir='ltr'><strong>insula</strong></span> <span class='ocrx_word' id='word_1_216' title='bbox 663 2098 801 2167; x_wconf 86' lang='lat' dir='ltr'><strong>Sequanae</strong></span> <span class='ocrx_word' id='word_1_217' title='bbox 825 2099 949 2169; x_wconf 89' lang='lat' dir='ltr'><strong>positum,</strong></span> <span class='ocrx_word' id='word_1_218' title='bbox 968 2105 998 2150; x_wconf 90' lang='lat' dir='ltr'><strong>ut</strong></span> 
     </span>
    </p>
   </div>
   <div class='ocr_carea' id='block_1_4' title="bbox 67 2246 997 2369">
    <p class='ocr_par' dir='ltr' id='par_1_6' title="bbox 67 2246 997 2369">
     <span class='ocr_line' id='line_1_30' title="bbox 99 2246 997 2312; baseline 0.002 -16"><span class='ocrx_word' id='word_1_219' title='bbox 99 2248 260 2310; x_wconf 77' lang='lat' dir='ltr'><strong>¹Abjunctus‚</strong></span> <span class='ocrx_word' id='word_1_220' title='bbox 273 2265 287 2296; x_wconf 88' lang='lat' dir='ltr'><strong>a</strong></span> <span class='ocrx_word' id='word_1_221' title='bbox 298 2264 349 2296; x_wconf 89' lang='lat' dir='ltr'><strong>rure</strong></span> <span class='ocrx_word' id='word_1_222' title='bbox 362 2246 437 2303; x_wconf 86' lang='lat' dir='ltr'><strong>word,</strong></span> <span class='ocrx_word' id='word_1_223' title='bbox 450 2247 541 2308; x_wconf 85' lang='lat' dir='ltr'><strong>having</strong></span> <span class='ocrx_word' id='word_1_224' title='bbox 556 2246 598 2294; x_wconf 86' lang='lat' dir='ltr'><strong>the</strong></span> <span class='ocrx_word' id='word_1_225' title='bbox 616 2262 683 2296; x_wconf 89' lang='lat' dir='ltr'><strong>same</strong></span> <span class='ocrx_word' id='word_1_226' title='bbox 700 2247 815 2310; x_wconf 83' lang='lat' dir='ltr'><strong>meaning</strong></span> <span class='ocrx_word' id='word_1_227' title='bbox 831 2263 857 2296; x_wconf 87' lang='lat' dir='ltr'><strong>as</strong></span> <span class='ocrx_word' id='word_1_228' title='bbox 873 2250 997 2312; x_wconf 77' lang='lat' dir='ltr'><strong>aejcmtua</strong></span> 
     </span>
     <span class='ocr_line' id='line_1_31' title="bbox 67 2318 240 2369; baseline 0.012 -13"><span class='ocrx_word' id='word_1_229' title='bbox 67 2322 96 2356; x_wconf 87' lang='lat' dir='ltr'><strong>or</strong></span> <span class='ocrx_word' id='word_1_230' title='bbox 106 2318 240 2369; x_wconf 78' lang='lat' dir='ltr'><strong>separatus.</strong></span> 
     </span>
    </p>
   </div>
   <div class='ocr_carea' id='block_1_5' title="bbox 98 2380 365 2510">
    <p class='ocr_par' dir='ltr' id='par_1_7' title="bbox 98 2380 365 2510">
     <span class='ocr_line' id='line_1_32' title="bbox 98 2380 365 2436; baseline -0.004 -9"><span class='ocrx_word' id='word_1_231' title='bbox 98 2381 108 2409; x_wconf 79' lang='lat'>²</span> <span class='ocrx_word' id='word_1_232' title='bbox 119 2380 166 2427; x_wconf 87' lang='lat' dir='ltr'><strong>See</strong></span> <span class='ocrx_word' id='word_1_233' title='bbox 177 2380 209 2427; x_wconf 89' lang='lat' dir='ltr'><strong>vi.</strong></span> <span class='ocrx_word' id='word_1_234' title='bbox 221 2382 261 2436; x_wconf 78' lang='lat'><strong>44,</strong></span> <span class='ocrx_word' id='word_1_235' title='bbox 274 2388 331 2427; x_wconf 88' lang='lat' dir='ltr'><strong>note</strong></span> <span class='ocrx_word' id='word_1_236' title='bbox 342 2381 365 2426; x_wconf 86' lang='grc'><strong>8.</strong></span> 
     </span>
     <span class='ocr_line' id='line_1_33' title="bbox 99 2452 347 2510; baseline 0.004 -11"><span class='ocrx_word' id='word_1_237' title='bbox 99 2452 165 2500; x_wconf 78' lang='lat' dir='ltr'><strong>&#39;See</strong></span> <span class='ocrx_word' id='word_1_238' title='bbox 176 2452 209 2501; x_wconf 90' lang='lat' dir='ltr'><strong>vi.</strong></span> <span class='ocrx_word' id='word_1_239' title='bbox 221 2456 244 2510; x_wconf 83' lang='lat'><strong>3,</strong></span> <span class='ocrx_word' id='word_1_240' title='bbox 257 2462 313 2500; x_wconf 83' lang='lat' dir='ltr'><strong>note</strong></span> <span class='ocrx_word' id='word_1_241' title='bbox 326 2456 347 2500; x_wconf 90' lang='lat'><strong>1.</strong></span> 
     </span>
    </p>
   </div>
   <div class='ocr_carea' id='block_1_6' title="bbox 70 2521 998 2645">
    <p class='ocr_par' dir='ltr' id='par_1_8' title="bbox 70 2521 998 2645">
     <span class='ocr_line' id='line_1_34' title="bbox 99 2521 998 2584; baseline 0 -11"><span class='ocrx_word' id='word_1_242' title='bbox 99 2527 108 2554; x_wconf 88' lang='lat'><strong>⁴</strong></span> <span class='ocrx_word' id='word_1_243' title='bbox 121 2525 209 2573; x_wconf 80' lang='lat' dir='ltr'><strong>Tamen</strong></span> <span class='ocrx_word' id='word_1_244' title='bbox 222 2526 297 2574; x_wconf 82' lang='lat' dir='ltr'><strong>refers</strong></span> <span class='ocrx_word' id='word_1_245' title='bbox 308 2535 334 2572; x_wconf 88' lang='lat' dir='ltr'><strong>to</strong></span> <span class='ocrx_word' id='word_1_246' title='bbox 345 2525 386 2572; x_wconf 87' lang='lat' dir='ltr'><strong>the</strong></span> <span class='ocrx_word' id='word_1_247' title='bbox 404 2524 459 2572; x_wconf 87' lang='lat' dir='ltr'><strong>idea</strong></span> <span class='ocrx_word' id='word_1_248' title='bbox 475 2523 502 2571; x_wconf 84' lang='lat' dir='ltr'><strong>of</strong></span> <span class='ocrx_word' id='word_1_249' title='bbox 516 2525 632 2584; x_wconf 82' lang='lat' dir='ltr'><strong>quamvis,</strong></span> <span class='ocrx_word' id='word_1_250' title='bbox 646 2522 728 2570; x_wconf 88' lang='lat' dir='ltr'><strong>which</strong></span> <span class='ocrx_word' id='word_1_251' title='bbox 739 2521 760 2570; x_wconf 91' lang='lat' dir='ltr'><strong>is</strong></span> <span class='ocrx_word' id='word_1_252' title='bbox 771 2523 900 2571; x_wconf 81' lang='lat' dir='ltr'><strong>contained</strong></span> <span class='ocrx_word' id='word_1_253' title='bbox 916 2523 941 2572; x_wconf 92' lang='lat' dir='ltr'><strong>in</strong></span> <span class='ocrx_word' id='word_1_254' title='bbox 956 2524 998 2573; x_wconf 85' lang='lat' dir='ltr'><strong>tlre</strong></span> 
     </span>
     <span class='ocr_line' id='line_1_35' title="bbox 70 2585 334 2645; baseline 0 -13"><span class='ocrx_word' id='word_1_255' title='bbox 70 2585 195 2645; x_wconf 87' lang='lat' dir='ltr'><strong>participle</strong></span> <span class='ocrx_word' id='word_1_256' title='bbox 206 2587 334 2645; x_wconf 80' lang='lat' dir='ltr'><strong>confectos.</strong></span> 
     </span>
    </p>
   </div>
   <div class='ocr_carea' id='block_1_7' title="bbox 70 2655 998 2776">
    <p class='ocr_par' dir='ltr' id='par_1_9' title="bbox 70 2655 998 2776">
     <span class='ocr_line' id='line_1_36' title="bbox 99 2655 998 2718; baseline -0.001 -12"><span class='ocrx_word' id='word_1_257' title='bbox 99 2658 269 2718; x_wconf 72' lang='lat' dir='ltr'><strong>⁸Respecring</strong></span> <span class='ocrx_word' id='word_1_258' title='bbox 284 2658 326 2704; x_wconf 89' lang='lat' dir='ltr'><strong>the</strong></span> <span class='ocrx_word' id='word_1_259' title='bbox 343 2659 443 2718; x_wconf 81' lang='lat' dir='ltr'><strong>influere</strong></span> <span class='ocrx_word' id='word_1_260' title='bbox 453 2656 481 2704; x_wconf 88' lang='lat' dir='ltr'><strong>of</strong></span> <span class='ocrx_word' id='word_1_261' title='bbox 484 2672 507 2703; x_wconf 85' lang='lat' dir='ltr'><strong>a</strong></span> <span class='ocrx_word' id='word_1_262' title='bbox 518 2655 600 2703; x_wconf 88' lang='lat' dir='ltr'><strong>marsh</strong></span> <span class='ocrx_word' id='word_1_263' title='bbox 611 2670 638 2702; x_wconf 92' lang='lat' dir='ltr'><strong>or</strong></span> <span class='ocrx_word' id='word_1_264' title='bbox 649 2671 742 2714; x_wconf 77' lang='lat' dir='ltr'><strong>swamp</strong></span> <span class='ocrx_word' id='word_1_265' title='bbox 754 2657 805 2703; x_wconf 83' lang='lat' dir='ltr'><strong>into</strong></span> <span class='ocrx_word' id='word_1_266' title='bbox 816 2655 858 2704; x_wconf 89' lang='lat' dir='ltr'><strong>the</strong></span> <span class='ocrx_word' id='word_1_267' title='bbox 874 2657 938 2705; x_wconf 81' lang='lat' dir='ltr'><strong>river</strong></span> <span class='ocrx_word' id='word_1_268' title='bbox 954 2656 998 2705; x_wconf 86' lang='lat' dir='ltr'><strong>Sc·</strong></span> 
     </span>
     <span class='ocr_line' id='line_1_37' title="bbox 70 2717 397 2776; baseline -0.003 -12"><span class='ocrx_word' id='word_1_269' title='bbox 70 2733 159 2776; x_wconf 86' lang='lat' dir='ltr'><strong>quana,</strong></span> <span class='ocrx_word' id='word_1_270' title='bbox 173 2733 215 2765; x_wconf 89' lang='lat' dir='ltr'><strong>sec</strong></span> <span class='ocrx_word' id='word_1_271' title='bbox 227 2717 242 2764; x_wconf 93' lang='lat' dir='ltr'><strong>i.</strong></span> <span class='ocrx_word' id='word_1_272' title='bbox 255 2720 278 2773; x_wconf 86' lang='lat'><strong>8,</strong></span> <span class='ocrx_word' id='word_1_273' title='bbox 291 2727 348 2764; x_wconf 89' lang='lat' dir='ltr'><strong>note</strong></span> <span class='ocrx_word' id='word_1_274' title='bbox 362 2720 397 2764; x_wconf 91' lang='lat'><strong>11.</strong></span> 
     </span>
    </p>
   </div>
   <div class='ocr_carea' id='block_1_8' title="bbox 71 2787 1000 2908">
    <p class='ocr_par' dir='ltr' id='par_1_10' title="bbox 71 2787 1000 2908">
     <span class='ocr_line' id='line_1_38' title="bbox 71 2787 1000 2908; baseline 0 -70"><span class='ocrx_word' id='word_1_275' title='bbox 71 2791 268 2908; x_wconf 25' lang='lat' dir='ltr'><strong>dlffilmfiqurggqr</strong></span> <span class='ocrx_word' id='word_1_276' title='bbox 279 2791 328 2871; x_wconf 76' lang='lat' dir='ltr'><strong>this</strong></span> <span class='ocrx_word' id='word_1_277' title='bbox 339 2805 442 2850; x_wconf 82' lang='lat' dir='ltr'><strong>passage</strong></span> <span class='ocrx_word' id='word_1_278' title='bbox 454 2788 563 2848; x_wconf 81' lang='lat' dir='ltr'><strong>significa</strong></span> <span class='ocrx_word' id='word_1_279' title='bbox 578 2793 617 2836; x_wconf 81' lang='lat' dir='ltr'><strong>‘to</strong></span> <span class='ocrx_word' id='word_1_280' title='bbox 629 2787 715 2837; x_wconf 87' lang='lat' dir='ltr'><strong>render</strong></span> <span class='ocrx_word' id='word_1_281' title='bbox 724 2805 739 2836; x_wconf 92' lang='lat' dir='ltr'><strong>a</strong></span> <span class='ocrx_word' id='word_1_282' title='bbox 747 2788 814 2848; x_wconf 89' lang='lat' dir='ltr'><strong>place</strong></span> <span class='ocrx_word' id='word_1_283' title='bbox 827 2791 966 2857; x_wconf 56' lang='lat' dir='ltr'><strong>impeditus„</strong></span> <span class='ocrx_word' id='word_1_284' title='bbox 973 2805 1000 2838; x_wconf 85' lang='lat' dir='ltr'><strong>or</strong></span> 
     </span>
     <span class='ocr_line' id='line_1_39' title="bbox 88 2867 287 2898; baseline -0.005 0"><span class='ocrx_word' id='word_1_285' title='bbox 88 2868 95 2898; x_wconf 89' lang='lat' dir='ltr'><strong>r</strong></span> <span class='ocrx_word' id='word_1_286' title='bbox 124 2868 153 2898; x_wconf 89' lang='lat' dir='ltr'><strong>cu</strong></span> <span class='ocrx_word' id='word_1_287' title='bbox 267 2867 287 2897; x_wconf 90' lang='lat' dir='ltr'><strong>s.</strong></span> 
     </span>
    </p>
   </div>
   <div class='ocr_carea' id='block_1_9' title="bbox 72 2919 1000 3097">
    <p class='ocr_par' dir='ltr' id='par_1_11' title="bbox 72 2919 1000 3097">
     <span class='ocr_line' id='line_1_40' title="bbox 100 2919 1000 3028; baseline -0.003 -58"><span class='ocrx_word' id='word_1_288' title='bbox 100 2923 245 2983; x_wconf 48' lang='lat' dir='ltr'><strong>&#39;Gorgian</strong></span> <span class='ocrx_word' id='word_1_289' title='bbox 269 2923 320 2970; x_wconf 89' lang='lat' dir='ltr'><strong>that</strong></span> <span class='ocrx_word' id='word_1_290' title='bbox 340 2922 370 2978; x_wconf 88' lang='lat' dir='ltr'><strong>is,</strong></span> <span class='ocrx_word' id='word_1_291' title='bbox 389 2922 478 3028; x_wconf 55' lang='lat' dir='ltr'><strong>congel.</strong></span> <span class='ocrx_word' id='word_1_292' title='bbox 511 2920 540 2967; x_wconf 92' lang='lat' dir='ltr'><strong>In</strong></span> <span class='ocrx_word' id='word_1_293' title='bbox 560 2919 730 2988; x_wconf 81' lang='lat' dir='ltr'><strong>cqmposition,</strong></span> <span class='ocrx_word' id='word_1_294' title='bbox 762 2937 827 2987; x_wconf 73' lang='lat' dir='ltr'><strong>acere</strong></span> <span class='ocrx_word' id='word_1_295' title='bbox 845 2936 904 2979; x_wconf 89' lang='lat' dir='ltr'><strong>very</strong></span> <span class='ocrx_word' id='word_1_296' title='bbox 920 2919 1000 2989; x_wconf 79' lang='lat' dir='ltr'><strong>rarely</strong></span> 
     </span>
     <span class='ocr_line' id='line_1_41' title="bbox 72 2978 999 3088; baseline -0.001 -58"><span class='ocrx_word' id='word_1_297' title='bbox 72 2982 404 3088; x_wconf 48' lang='lat' dir='ltr'><strong>gnahfflttheipasgsivefleri»</strong></span> <span class='ocrx_word' id='word_1_298' title='bbox 447 2995 544 3038; x_wconf 88' lang='lat' dir='ltr'><strong>ompare</strong></span> <span class='ocrx_word' id='word_1_299' title='bbox 556 2979 628 3038; x_wconf 87' lang='lat' dir='ltr'><strong>Lrvy,</strong></span> <span class='ocrx_word' id='word_1_300' title='bbox 641 2994 664 3026; x_wconf 92' lang='lat' dir='ltr'><strong>v.</strong></span> <span class='ocrx_word' id='word_1_301' title='bbox 676 2982 721 3036; x_wconf 79' lang='lat'><strong>5⁰3</strong></span> <span class='ocrx_word' id='word_1_302' title='bbox 762 2994 834 3035; x_wconf 79' lang='lat' dir='ltr'><strong>icero,</strong></span> <span class='ocrx_word' id='word_1_303' title='bbox 847 2982 880 3026; x_wconf 86' lang='lat' dir='ltr'><strong>ad</strong></span> <span class='ocrx_word' id='word_1_304' title='bbox 889 2978 956 3027; x_wconf 84' lang='lat' dir='ltr'><strong>Fam.</strong></span> <span class='ocrx_word' id='word_1_305' title='bbox 967 2995 999 3029; x_wconf 77' lang='grc' dir='ltr'><strong>ιν.</strong></span> 
     </span>
     <span class='ocr_line' id='line_1_42' title="bbox 89 3061 283 3097; baseline -0.005 -9"><span class='ocrx_word' id='word_1_306' title='bbox 89 3061 121 3097; x_wconf 90' lang='lat' dir='ltr'><strong>,o</strong></span> <span class='ocrx_word' id='word_1_307' title='bbox 198 3075 204 3086; x_wconf 91' lang='lat'><strong>.</strong></span> <span class='ocrx_word' id='word_1_308' title='bbox 243 3075 248 3087; x_wconf 89' lang='lat'>.</span> <span class='ocrx_word' id='word_1_309' title='bbox 278 3077 283 3087; x_wconf 92' lang='lat'>.</span> 
     </span>
    </p>
   </div>
   <div class='ocr_carea' id='block_1_10' title="bbox 73 3109 999 3221">
    <p class='ocr_par' dir='ltr' id='par_1_12' title="bbox 73 3109 999 3221">
     <span class='ocr_line' id='line_1_43' title="bbox 101 3109 999 3220; baseline 0.002 -59"><span class='ocrx_word' id='word_1_310' title='bbox 101 3114 289 3220; x_wconf 55' lang='lat' dir='ltr'><strong>{llffidpncm</strong></span> <span class='ocrx_word' id='word_1_311' title='bbox 307 3129 322 3162; x_wconf 88' lang='lat' dir='ltr'><strong>a</strong></span> <span class='ocrx_word' id='word_1_312' title='bbox 338 3122 405 3162; x_wconf 90' lang='lat' dir='ltr'><strong>town</strong></span> <span class='ocrx_word' id='word_1_313' title='bbox 424 3127 456 3160; x_wconf 93' lang='lat' dir='ltr'><strong>on</strong></span> <span class='ocrx_word' id='word_1_314' title='bbox 472 3111 513 3160; x_wconf 89' lang='lat' dir='ltr'><strong>the</strong></span> <span class='ocrx_word' id='word_1_315' title='bbox 532 3111 597 3160; x_wconf 89' lang='lat' dir='ltr'><strong>river</strong></span> <span class='ocrx_word' id='word_1_316' title='bbox 614 3109 696 3168; x_wconf 83' lang='lat' dir='ltr'><strong>Scine,</strong></span> <span class='ocrx_word' id='word_1_317' title='bbox 714 3110 787 3160; x_wconf 89' lang='lat' dir='ltr'><strong>south</strong></span> <span class='ocrx_word' id='word_1_318' title='bbox 804 3110 832 3160; x_wconf 89' lang='lat' dir='ltr'><strong>of</strong></span> <span class='ocrx_word' id='word_1_319' title='bbox 848 3110 927 3171; x_wconf 81' lang='lat' dir='ltr'><strong>Paria,</strong></span> <span class='ocrx_word' id='word_1_320' title='bbox 943 3126 999 3163; x_wconf 86' lang='lat' dir='ltr'><strong>now</strong></span> 
     </span>
     <span class='ocr_line' id='line_1_44' title="bbox 73 3187 257 3221; baseline 0.005 -1"><span class='ocrx_word' id='word_1_321' title='bbox 73 3189 99 3220; x_wconf 71' lang='lat' dir='ltr'><strong>ca</strong></span> <span class='ocrx_word' id='word_1_322' title='bbox 119 3189 132 3220; x_wconf 78' lang='grc' dir='ltr'>θ</span> <span class='ocrx_word' id='word_1_323' title='bbox 192 3187 257 3221; x_wconf 74' lang='lat' dir='ltr'><strong>eun·</strong></span> 
     </span>
    </p>
   </div>
   <div class='ocr_carea' id='block_1_11' title="bbox 0 0 1082 3704">
    <p class='ocr_par' dir='ltr' id='par_1_13' title="bbox 0 0 1082 3704">
     <span class='ocr_line' id='line_1_45' title="bbox 0 0 1082 3704; baseline 0 0"><span class='ocrx_word' id='word_1_324' title='bbox 0 0 1082 3704; x_wconf 95' lang='lat' dir='ltr'><strong> </strong></span> 
     </span>
    </p>
   </div>
  </div>
 </body>
</html>
