2146 3704
70 248 129 308 116
374 258 415 313 prr
436 258 535 299 00000
553 257 689 298 comeo.

88 373 192 426 ionibus
208 368 338 442 pervenit.
373 368 415 422 Ibi
432 367 575 437 cognoscit,
587 384 633 421 xr.
644 383 736 436 naves,
749 381 820 436 quae
838 365 868 420 in
883 363 997 421 Meldis¹

68 391 157 496 lectae
169 448 251 509 erant,
265 447 426 508 tempestate
444 439 558 507 rejectas
575 454 683 490 cursum
701 444 794 497 tenere
812 451 866 489 non
877 435 998 506 potuisse

68 521 151 581 atquc
168 510 273 579 eudem,
287 508 359 561 unde
371 516 446 560 erant
457 507 601 578 proiectae,
614 505 770 559 revertisse:
790 505 910 575 reliquas
921 522 998 575 para·

70 590 112 634 tas
129 581 163 634 ad
181 578 363 647 navigandum
380 587 462 647 atque
480 576 606 630 omnibus
623 575 704 628 rebus
721 575 867 628 instructas
883 574 998 628 invenit.

70 650 185 705 Eodem
201 650 282 703 totius
306 646 412 700 Galliae
437 647 572 716 equitatus
595 645 727 714 convenit,
752 659 865 698 numero
889 644 1000 700 milium

69 729 190 789 quatuor,
204 717 393 788 principesque
401 716 536 770 ¹omuibus
547 733 583 769 ex
593 715 762 769 civitatibus:
781 731 816 766 ex
827 713 1000 836 quibuszper·

69 805 178 858 paucos,
191 804 304 857 quorum
323 787 350 839 in
363 803 393 838 se
404 786 488 839 fidem
499 792 679 855 perspexerat,
693 784 844 853 relinquere
856 782 884 836 in
897 785 922 836 G
950 783 999 854 lia,

70 859 188 928 reliquos
199 856 323 909 obsidum
336 855 394 908 loeo
405 871 500 908 secum
512 855 612 908 ducere
629 854 801 923 decreverat,
819 852 900 924 quod,
912 870 1002 923 quum

70 927 128 998 ipse
139 927 255 995 abesset,
268 935 373 979 motum
385 923 491 977 Galliae
503 923 654 978 verebatur.

106 1001 132 1049 6.
151 996 215 1050 Erat
232 1011 287 1046 una
304 1010 367 1047 cum
384 994 482 1046 ceteris
499 993 647 1047 Dumnorix
659 991 779 1062 Aeduus,
792 990 827 1045 de
839 1007 892 1062 quo
903 991 939 1046 ab
950 1008 998 1046 no·

70 1062 113 1118 bis
130 1073 211 1118 antea
222 1063 327 1117 dietum
338 1063 399 1116 cst.¹
432 1062 512 1116 Hunc
530 1079 624 1116 secum
637 1062 736 1116 habere
748 1063 775 1115 in
787 1062 891 1141 primis⁴
902 1062 1000 1116 consti·

70 1142 166 1203 tuerat,
179 1133 250 1203 quod
263 1149 326 1186 eum
338 1131 467 1203 cupidum
480 1149 570 1186 rerum
581 1148 719 1201 novarum,
731 1131 863 1201 cuprdum
879 1132 996 1202 imperii,

69 1205 162 1272 magni
187 1202 280 1271 animi,
299 1219 414 1270 magnae
439 1203 508 1255 inter
525 1201 615 1254 Gallos
639 1201 803 1254 auctoritatis
827 1210 1000 1268 cognoverat.

70 1272 227 1326 Accedebat
251 1272 312 1339 huc,
331 1272 403 1341 quod
424 1270 482 1341 jam
499 1271 526 1324 in
544 1270 656 1323 concilio
674 1270 832 1324 Aeduorum
849 1271 1001 1326 Dumnorix

70 1341 182 1411 dixerat,
196 1341 247 1394 sibi
258 1358 276 1392 a
287 1342 402 1394 Caesare
415 1357 528 1408 regnum
545 1340 662 1392 civitatis
673 1340 788 1393 deferri:
802 1339 879 1409 quod
892 1339 999 1408 dictum

71 1411 161 1465 Aedui
185 1411 301 1479 graviter
324 1410 454 1479 ferebant,
479 1411 578 1479 neque³
600 1410 743 1462 recusandi
765 1417 812 1462 aut
835 1409 1000 1479 deprecandi

70 1496 154 1534 causa
166 1480 268 1549 legatos
284 1481 319 1533 ad
338 1481 483 1534 Caesarem
499 1480 606 1552 mittere
624 1479 769 1532 audebant.
805 1478 835 1531 ld
848 1478 952 1535 lactum
964 1497 1001 1535 ex

71 1550 128 1604 suis
145 1550 295 1619 hospitibus
313 1551 412 1603 Caesar
423 1558 591 1617 cognoverat.
627 1549 677 1602 llle
694 1546 820 1601 omnibus
837 1549 923 1618 primo
941 1566 999 1620 pre·

71 1619 150 1673 cibus
172 1629 265 1690 petere
289 1619 433 1686 contendit,
451 1626 481 1671 ut
499 1619 526 1672 in
549 1617 637 1671 Gallia
660 1618 854 1687 relinqueretur
860 1635 868 1687 3
892 1619 998 1690 partim,

71 1689 143 1758 quod
161 1689 283 1742 insuetus
300 1688 446 1757 navigandi
465 1705 540 1741 mare
563 1688 678 1757 timeret,
698 1688 802 1757 partim,
821 1688 893 1757 quod
912 1688 1000 1758 religi·

71 1758 178 1812 00100οθ
189 1775 250 1812 sese
268 1758 370 1811 diceret
382 1757 516 1827 impediri.
552 1757 733 1827 Posteaquam
750 1757 777 1809 id
796 1756 930 1811 obstinate
948 1757 1001 1813 sibi

70 1845 106 1880 00
142 1829 163 1881 ri
180 1828 255 1896 vidit,
268 1828 342 1881 omni
360 1830 409 1897 spe
428 1827 464 1879 im
503 1827 589 1880 trendi
607 1827 725 1896 ademta,
743 1826 878 1896 principes
895 1827 1000 1881 Galliae

72 1896 111 1948 sol
123 1897 223 1965 icitare,
242 1913 370 1950 sevocare
388 1897 464 1964 singu
476 1913 506 1949 os
523 1896 675 1966 hortarique
698 1896 794 1966 eoepit,
814 1896 855 1949 uti
872 1897 900 1950 in
917 1897 1000 1950 conti·

71 1966 147 2017 nenti
166 1973 350 2032 remanerent3
376 1976 453 2018 metu
470 1966 609 2035 territare?
626 1982 677 2018 non
702 1966 759 2019 sine
784 1981 868 2018 causa
885 1967 1002 2036 fieri,·ut

72 2033 161 2086 Gallie
172 2034 245 2086 omni
257 2032 398 2086 nobilitate
411 2033 581 2102 spoliaretur:
600 2034 627 2087 id
640 2052 701 2088 0000
714 2033 855 2088 consilium
864 2036 997 2107 Caesaris,

72 2112 102 2156 ut
119 2119 187 2172 quos
203 2102 232 2154 in
249 2111 395 2171 conspectu
413 2103 516 2155 Galbae
541 2103 691 2158 interficere
708 2113 852 2174 vereretur,
871 2105 922 2160 hos
944 2122 1001 2160 onr-

72 2188 122 2224 nes
140 2172 168 2223 in
186 2171 349 2224 Britanniam
367 2171 535 2225 transductos
551 2183 675 2226 necaret:
694 2174 777 2226 fidem
795 2174 905 2244 reliquis
922 2176 1000 2230 inter-

72 2243 190 2310 ponere,⁸
203 2239 394 2319 jusjurandum
411 2258 530 2313 poscere,
550 2253 580 2295 ut
597 2243 669 2312 quod
687 2261 752 2320 esse
766 2260 801 2318 ex
817 2246 879 2297 usu⁰
896 2245 1000 2298 Galliae

102 2385 110 2412 ¹
120 2383 187 2431 Thet
198 2384 228 2440 is,
242 2383 267 2431 in
277 2383 318 2431 the
330 2392 433 2444 country
443 2385 472 2432 of
478 2384 520 2431 the
532 2384 619 2441 Meldi,
632 2401 646 2432 0
657 2385 743 2445 peoplc
755 2387 810 2434 who
821 2402 890 2435 seem
901 2396 928 2435 to
938 2387 1000 2436 heve

72 2442 197 2491 inhabited
214 2443 256 2491 the
274 2452 347 2491 count
391 2445 505 2491 between
521 2443 563 2491 the
581 2444 696 2552 Sequana
714 2445 805 2501 (80100)
823 2447 870 2494 and
888 2446 1002 2500 Matrona
1020 2491 1028 2500 ,

73 2502 189 2560 (Mame),
202 2502 249 2551 end
260 2501 322 2551 from
332 2518 356 2550 w
375 2518 417 2551 ose
428 2503 541 2564 territory
552 2503 617 2552 thes
636 2503 673 2564 ips
684 2519 749 2553 were
763 2505 855 2555 carried
870 2505 945 2555 down
959 2505 1001 2555 the

71 2561 136 2611 river
147 2562 261 2623 Sequana
270 2561 322 2610 into
332 2561 374 2610 the
385 2577 435 2611 000.

100 2635 220 2692 ’Eodem
238 2634 291 2683 that
302 2634 333 2693 is,
346 2643 372 2683 to
382 2645 436 2695 pon
447 2635 519 2685 Itius.

101 2707 168 2755 'See
179 2707 195 2755 i.
206 2710 229 2754 3.

101 2779 220 2828 “Abone
232 2778 267 2828 all
279 2779 380 2828 others.’

102 2851 204 2914 'Neque
213 2850 271 2899 here
282 2851 422 2920 introduces
433 2854 553 2904 enatursl
563 2870 732 2917 consequence
746 2856 776 2906 ol
785 2857 840 2907 that
850 2855 934 2908 which
965 2871 1001 2907 re·

72 2910 154 2962 cedes.
186 2910 242 2958 The
253 2926 322 2959 same
333 2926 354 2958 rs
365 2911 433 2959 often
443 2912 485 2961 the
497 2929 553 2962 cese
564 2915 626 2963 with
637 2925 658 2963 et
669 2915 716 2964 and
726 2925 804 2978 atque.
836 2917 885 2966 See
895 2918 938 2967 vii.
948 2873 987 2967 gt).

101 2983 258 3053 “Religionea
269 2987 330 3052 ere}
338 2983 454 3045 religious
464 2985 564 3043 duties,’
577 2987 660 3036 which
670 2988 701 3036 he
717 2989 851 3049 pretended
866 2991 898 3040 hs
913 2990 963 3040 had
978 2998 1003 3038 to

72 3045 178 3107 perform
188 3059 214 3092 m
226 3043 299 3101 Gaul,
313 3058 338 3091 rn
348 3059 517 3104 consequence
528 3044 557 3094 of
563 3062 632 3096 vows
643 3046 725 3096 which
735 3048 767 3097 he
778 3049 827 3099 hed
837 3050 918 3100 made.

53 3133 59 3142 ·
102 3116 586 3178 ⁷Territareisedescriptiveinfinitive.
609 3119 656 3168 See
668 3121 683 3169 i.
693 3123 729 3178 16,
738 3132 795 3170 note
804 3127 827 3171 5.
848 3122 899 3172 But
907 3123 950 3172 the
958 3120 1001 3171 lol-

74 3176 164 3239 lowing
166 3178 250 3239 fieriis
256 3176 537 3238 dependentuponsomc
543 3180 602 3228 verb
608 3178 812 3243 osmyingwhich
818 3183 839 3232 is
845 3179 1001 3234 understood.

102 3249 203 3300 ‘Fiden
213 3253 370 3315 interponere,
386 3256 427 3299 ‘to
437 3252 524 3313 pledge
535 3252 606 3301 one’s
616 3268 673 3301 own
683 3253 793 3304 honour!

102 3322 464 3382 'Ermueot,‘itisuselul.’
496 3317 746 3388 Comll²¹⁰h³⁰v⁵st
846 3366 851 3383 ³
957 3380 965 3407 r
993 3397 995 3401 -
