2146 3704
61 208 118 269 154
221 190 223 197 ¹
361 224 403 264 os
424 223 522 264 annno
543 221 681 264 uuerco.

59 343 140 405 nunt3
182 331 285 388 memia
304 349 460 404 poenasque
480 333 657 386 constituunt:
682 331 706 386 si
725 330 781 402 qui¹
800 339 847 386 aut
867 333 988 404 privatus

58 414 106 459 aut
122 351 247 475 publicus
265 421 357 458 eorum
369 404 476 456 decreto
494 420 548 456 non
565 402 646 472 stetit,
660 402 799 455 sacrificiis
817 403 986 461 interdicunt.

59 474 135 528 llaec
150 492 237 546 poena
254 474 326 545 apud
345 491 391 527 eos
408 483 449 526 est
467 473 634 541 gravissima.
671 472 774 530 Quibus
792 473 830 524 ita
849 485 892 526 est
909 475 987 530 inter·

60 544 171 616 dictum,
192 546 211 598 ii
229 561 341 598 numero
362 543 501 613 impiomm
523 560 556 595 ac
576 541 767 595 sceleratorum
787 541 935 597 habentur:
955 547 988 600 iis

60 631 156 668 omnes
170 615 313 684 decedunt,
326 615 430 668 aditum
448 629 540 666 eorum
556 628 762 680 sermonemque
781 611 945 685 defugiunt,²
955 633 988 669 ne

60 685 126 754 quid
147 703 182 739 ex
201 685 359 753 contagione
379 681 542 737 incommodi
560 682 708 803 accipiant:
733 698 822 750 neque
843 683 877 734 iis
896 692 988 754 peten-

61 755 133 808 tibus
155 756 199 826 jus
223 755 349 823 redditur,
374 770 462 821 neque
487 752 570 805 honos
589 751 616 805 ul
629 768 660 804 us
682 751 906 806 communicatur.
943 754 990 808 His

60 834 153 878 autem
171 824 297 878 omnibus
312 822 458 877 Druidibus
476 829 583 891 praeest
601 837 679 900 unus?
697 820 743 890 qui
762 837 902 875 summam
921 823 989 877 inter

61 910 109 946 eos
126 895 207 947 habet
225 894 418 946 auctoritatem.
455 892 511 943 lloc
528 898 640 961 mortuo,
657 908 680 942 sr
697 890 744 959 qui
763 907 798 944 ex
816 891 929 962 reliquis
946 911 989 947 ex·

61 963 135 1015 cellit
155 963 291 1042 dignitate)
311 962 447 1016 succedit:
472 969 507 1030 at,
527 962 550 1013 si
569 969 631 1014 sunt
650 960 741 1030 plures
758 977 844 1031 pares,
865 961 989 1032 suffragio

61 1032 194 1088 Druidum
210 1032 352 1102 allegrtur‚'
368 1048 571 1101 nonnumquam
588 1031 672 1083 etiam
690 1029 772 1082 armis
787 1030 822 1082 de
861 1032 991 1103 rincipatn

62 1102 235 1156 contendunt.
271 1103 307 1156 Hi
331 1110 403 1154 certo
428 1101 491 1153 anni
516 1110 636 1169 tempore
660 1099 687 1153 in
712 1099 811 1154 finibus
875 1112 988 1174 mutum,

62 1173 222 1242 quaeregio
247 1175 325 1226 totius
342 1171 446 1225 Galliae
470 1170 562 1225 media
585 1169 707 1238 habetur,
727 1169 869 1223 considunt
888 1172 914 1224 in
934 1173 990 1225 loco

62 1253 225 1295 consecrato.
262 1243 321 1295 Huc
340 1258 436 1294 ornnes
455 1240 581 1308 undique,
600 1239 646 1308 qui
666 1241 858 1292 controversias
880 1240 989 1312 habent,

18 1360 21 1364 ,
62 1313 225 1366 conveniunt
237 1328 383 1381 eommque
395 1310 511 1363 decretis
520 1308 681 1379 judiciisque
694 1317 797 1378 parent.
833 1309 991 1381 Disciplina*

63 1381 91 1434 in
114 1381 250 1434 Britannia
274 1388 379 1450 reperta
401 1389 483 1449 atque
508 1379 569 1431 inde
594 1378 621 1431 in
640 1377 759 1432 Galliam
782 1379 911 1433 translata
930 1399 1011 1447 essev

62 1452 245 1506 existimatur:
270 1460 297 1505 et
320 1468 400 1520 nunc,
419 1450 466 1518 qui
488 1449 642 1518 diligentius
665 1465 727 1500 eam
751 1465 809 1500 rem
828 1466 991 1519 cognoscere

63 1522 162 1592 volunt,
176 1522 335 1592 plerumque
347 1521 402 1574 illo⁶
413 1519 535 1572 discendi
548 1536 628 1571 causa
641 1518 850 1587 proficiscuntur.
1023 1578 1031 1588 ‚

101 1598 142 1645 14.
161 1593 276 1647 Druides
293 1610 310 1644 a
328 1591 399 1644 bello
417 1590 513 1645 abesse
533 1595 701 1658 consuerunt,
715 1604 804 1656 neque
820 1588 921 1642 tributa
938 1607 991 1644 una

63 1677 127 1715 cum
139 1662 249 1732 reliquis
261 1661 394 1732 penduntj
409 1660 523 1712 militiae
533 1658 701 1711 vacationem
713 1657 890 1727 omniumque
902 1677 992 1714 rerum

63 1729 164 1785 habent
177 1731 386 1785 immunitatem.
417 1729 511 1796 Tantis
523 1729 632 1781 excitati
644 1727 781 1797 praemiis,
795 1736 822 1779 et
834 1745 884 1781 sua
896 1738 991 1798 sponte
1008 1738 1014 1763 ⁸

63 1801 141 1855 multi
154 1802 179 1855 in
189 1802 369 1870 disciplinam⁶
379 1800 549 1867 conveniunt,
560 1807 588 1850 et
595 1815 612 1849 a
621 1796 775 1867 parentibus
783 1799 991 1869 propinquisque

63 1871 214 1924 mittuntur.
242 1872 375 1939 Magnum
384 1869 420 1922 ibi
429 1885 570 1921 numemm
580 1878 708 1920 versuum
716 1866 837 1921 ediscere
851 1868 989 1923 dicuntur:

63 1939 154 2008 itaque
162 1956 246 1991 annos
258 1939 376 1992 nonnulli
386 1939 496 1990 vicenos
505 1938 532 1989 in
544 1936 685 2005 disciplina
696 1946 865 2006 permanent.
894 1939 992 2009 Neque

63 2007 106 2060 sas
118 2025 178 2060 esse
191 2007 345 2060 existimant
358 2008 400 2059 eal
412 2006 505 2058 litteris
516 2005 645 2057 mandare
667 2023 753 2074 quum
765 2007 792 2059 in
810 2008 923 2077 reliquis
934 2008 991 2062 fere

64 2077 152 2156 rebuq
165 2075 281 2146 publicis
292 2077 457 2145 privatisque
466 2073 629 2144 rationibus‚⁸
641 2044 752 2128 dlraecis
763 2085 872 2131 utantur
885 2078 990 2132 litteris.

63 2147 94 2200 Id
112 2146 181 2200 mihi
201 2144 307 2198 duabus
324 2145 360 2197 de
379 2144 469 2197 causis
487 2144 634 2196 instituisse
652 2145 777 2200 videntur
783 2162 794 2214 ς
812 2147 884 2216 quod
902 2165 991 2219 neque

64 2215 92 2269 in
110 2216 222 2285 vulgum
238 2214 409 2285 disciplinam
426 2213 515 2266 efferri
527 2213 617 2283 velint,
632 2231 720 2284 neque
739 2231 793 2285 eos,
811 2217 857 2285 qui
876 2217 991 2290 discant,

92 2374 101 2402 ¹
111 2371 142 2421 Si
151 2374 193 2434 qai
203 2372 224 2420 is
235 2371 277 2442 the
289 2387 355 2420 sams
367 2387 394 2419 as
405 2372 490 2478 siquis,
503 2379 592 2430 except
602 2369 655 2418 that
666 2369 708 2418 the
719 2369 809 2421 former
819 2371 841 2420 is
852 2387 920 2422 mors
934 2389 991 2424 con·
1048 2405 1054 2410 -

45 2499 47 2502 .
63 2440 129 2480 crete
140 2432 188 2481 and
199 2431 297 2480 definite
309 2431 368 2479 than
378 2431 420 2478 the
440 2439 510 2478 atter.

92 2505 257 2569 ’Defugiunt‚
273 2505 347 2566 ‘they
358 2520 389 2566 go
400 2513 442 2553 out
453 2503 481 2552 ol
493 2502 557 2552 their
567 2502 639 2564 way!

92 2579 221 2643 'Alli'gare
236 2578 257 2627 is
270 2578 386 2648 properly
396 2577 448 2626 said
459 2577 488 2626 of
500 2593 514 2626 a
524 2576 589 2637 body
600 2575 628 2625 os
639 2591 697 2625 men
707 2575 764 2624 who
779 2576 843 2626 elect
853 2594 869 2626 a
879 2593 994 2639 persona

64 2642 175 2689 member
185 2638 213 2688 of
226 2639 289 2686 their
299 2638 379 2698 body;
397 2639 440 2685 but
457 2636 515 2685 here
533 2636 550 2684 it
568 2635 676 2697 significa
693 2645 719 2684 to
735 2634 845 2685 electen
860 2638 994 2689 individuel

64 2699 189 2758 president
200 2698 228 2745 ol
240 2698 282 2745 the
293 2697 358 2757 body
370 2705 396 2744 to
406 2696 488 2745 which
498 2695 530 2744 he
541 2696 651 2756 belongs.

93 2771 250 2832 ‘Disciplina
261 2771 282 2818 is
292 2769 351 2818 here
365 2769 422 2817 ‘the
438 2768 604 2838 knowledge‚’
618 2784 645 2818 or
657 2768 713 2817 ‘the
724 2768 828 2818 wisdom
839 2769 887 2819 and
898 2781 992 2832 system

64 2829 93 2878 of
105 2829 147 2877 the
159 2828 266 2877 Druids.’
299 2827 355 2876 The
366 2831 426 2875 verb
444 2831 533 2890 reperio
550 2844 571 2876 rs
585 2833 626 2877 ‘to
640 2827 742 2885 devise,'
756 2828 867 2878 whereas
885 2831 994 2880 inuenire

65 2888 148 2938 would
159 2890 190 2935 be
204 2892 244 2934 ‘to
255 2886 358 2943 rnvent,’
372 2886 452 2934 which
467 2902 525 2948 may
535 2889 566 2936 be
584 2887 626 2936 the
642 2886 719 2936 result
736 2886 765 2935 os
777 2888 878 2948 chance,
891 2905 924 2938 aa
939 2890 992 2940 iden

65 2948 147 2998 which
158 2947 179 2994 is
190 2945 283 3006 foreign
293 2954 319 2993 to
330 2946 440 3007 reperire.

95 3020 172 3077 ‘Ilua
190 3018 284 3076 thetis,
298 3020 325 3068 in
333 3017 498 3068 Britanniam.

95 3092 250 3156 ‘Disciplina
261 3092 286 3140 in
297 3091 346 3141 this
358 3091 467 3141 instance
478 3093 500 3141 is
510 3094 552 3141 the
564 3093 708 3142 instruction
719 3107 744 3141 m
755 3092 797 3142 the
804 3093 909 3144 wisdom
916 3093 991 3146 oftlie

66 3151 166 3211 Druids,
179 3168 207 3200 or
217 3152 258 3200 the
269 3152 338 3212 place
349 3152 432 3200 where
444 3152 505 3200 such
516 3152 661 3201 instruction
672 3152 693 3200 is
704 3152 786 3214 given·

96 3226 166 3284 'Ea;
184 3226 279 3284 thetis,
292 3226 334 3274 the
345 3226 455 3287 subjecta
466 3225 495 3274 of
506 3225 577 3274 those
588 3240 681 3273 verses.
745 3276 748 3281 ,

97 3296 232 3348 'Rationes
240 3300 298 3350 here
308 3300 380 3350 isnot
391 3300 539 3358 ‘accounts’
547 3315 574 3350 aa
583 3298 609 3348 in
619 3295 634 3348 i.
642 3301 681 3357 29,
690 3299 734 3349 but
746 3299 848 3350 ‘affairs'
859 3297 989 3364 generally.
