2146 3704
434 250 540 293 ‘nens
559 252 607 292 ιιι.
947 231 988 292 8³

69 377 147 416 onera
165 359 278 414 navium
294 359 350 428 regi
367 359 436 425 velis
452 377 504 414 non
528 361 594 414 satis
611 360 753 415 commode
775 377 854 430 posse
877 359 987 414 arbitra·

68 429 173 486 bantur.
209 430 278 482 Cum
289 427 333 482 his
343 429 456 482 mribus
473 437 578 482 nostrae
591 430 670 483 classi
683 429 815 500 ejusmodi
830 447 988 498 congressus

68 508 130 570 erat,
143 507 175 552 ut
186 501 248 551 una¹
261 498 396 552 celeritate
414 506 441 550 et
458 499 537 568 pulsu
555 516 689 552 remorum
706 507 859 568 praestaret,
877 496 988 569 reliqua'

67 584 112 639 pro
136 569 189 621 loci
213 576 315 637 natura,
334 585 380 637 pro
397 568 425 620 vi
443 576 636 637 tempestatum
653 568 705 620 illis
728 576 819 620 essent
841 569 942 637 aptiora
960 579 987 625 et

67 636 318 692 accommodatiora.
354 638 450 705 Neque
463 642 537 689 enim
550 637 592 689 his
604 647 708 689 nostrae
728 637 817 689 rostro¹
828 653 924 689 nocere
942 655 987 706 po·

68 716 152 761 terant
166 708 254 777 (tanta
267 706 293 758 in
305 704 348 758 his
360 714 416 758 erat
432 706 579 776 firmitudo)
590 723 678 776 neque
697 715 802 775 propter
819 704 988 761 altitudinem

68 776 147 830 lecile
161 776 246 828 telum
257 774 439 844 adjiciebatur,
453 783 479 828 et
491 774 590 828 eadem
602 776 636 828 de
648 792 730 828 causa
741 776 832 828 minus
847 777 988 830 commode

68 846 180 915 copulis⁴
197 844 407 898 continebantur.
444 844 602 898 Accedebat
624 853 661 914 ut,
685 862 749 897 cum
772 844 875 898 saevire
893 854 989 898 ventus

68 915 201 984 coepisset
215 923 242 966 et
255 931 285 967 se
293 921 373 965 vento
382 913 527 983 dedissent,
538 923 565 966 et
578 922 769 984 tempestatem
777 913 875 967 ferrent
885 913 989 968 facilius

68 993 95 1038 et
108 984 135 1036 in
147 982 225 1035 vadis
236 982 411 1034 consisterent
429 983 511 1036 tutius
529 991 556 1035 et
574 983 609 1037 ab
626 993 704 1036 aestu
722 983 830 1036 relictae
843 983 910 1038 nihil
923 1001 989 1038 saxa

69 1064 96 1106 et
113 1061 207 1106 cautes
224 1052 365 1119 timerent,
383 1067 496 1120 quarum
514 1069 602 1105 rerum
619 1054 741 1106 omnium
758 1056 853 1106 nostris
875 1053 988 1107 navibus

69 1138 148 1175 casus
159 1130 215 1174 arat
228 1119 455 1173 extimescendus.

106 1197 146 1243 14.
165 1189 528 1259 Compluribusexpugnatis
545 1190 649 1259 oppidis
667 1192 772 1260 Caesar,
791 1191 838 1244 ubi
857 1191 988 1245 intellexit

68 1258 164 1312 frustra
188 1268 293 1312 tantum
315 1258 435 1311 laborem
458 1259 529 1311 sumi
553 1276 639 1328 neque
658 1260 774 1313 hostium
791 1259 885 1329 sugam
901 1277 934 1312 ca
953 1260 989 1313 tis

102 1329 173 1399 pidis
185 1329 294 1398 reprimi
306 1345 393 1396 neque
405 1327 448 1380 his
460 1327 549 1380 noceri
567 1345 653 1397 posse,
668 1329 759 1382 statuit
777 1339 922 1398 exspectan
941 1347 988 1383 am

124 1416 192 1451 sem.
229 1397 304 1455 Quae
316 1396 362 1450 ubi
376 1397 500 1449 convenit
512 1413 544 1448 ac
557 1398 674 1465 primum
686 1399 721 1451 ab
733 1398 854 1451 hostibus
866 1399 925 1450 visa
937 1406 986 1467 est,

68 1467 172 1520 circiter
187 1483 267 1520 ccxx.
285 1483 371 1518 naves
389 1482 481 1517 eorum
500 1465 683 1533 paratissimae
701 1475 781 1534 atque
799 1469 872 1518 omni
888 1483 987 1533 genere

67 1537 213 1590 annomm⁸
231 1535 414 1588 ornatissimae
438 1533 573 1602 proiectae
592 1550 625 1586 ex
643 1543 719 1602 portu
738 1534 835 1586 nostris
857 1536 987 1587 adversae

67 1606 256 1672 constiterunt5
275 1620 361 1673 neque
386 1604 451 1655 satis
468 1602 555 1672 Bruto,
575 1602 619 1671 qui
637 1603 716 1655 classi
733 1611 862 1671 praeerat,
881 1602 925 1656 vel
944 1602 988 1655 tri·

67 1672 146 1728 bunis
157 1674 272 1727 militurn
286 1671 545 1740 centurionibusque,
558 1671 655 1740 quibus
673 1671 793 1740 singulae
811 1688 895 1725 nares
912 1680 988 1726 erant

66 1743 217 1809 attributae,
227 1741 373 1810 constabat,
384 1741 447 1810 quid
459 1749 576 1810 agerent,
589 1749 635 1793 aut
647 1758 729 1810 quarn
742 1741 871 1794 rationem
883 1758 988 1809 pugnae

67 1812 241 1865 insisterent.⁰
275 1813 368 1865 Rostro
380 1811 453 1863 enirn
466 1810 555 1862 noceri
568 1826 620 1862 non
633 1827 711 1879 posse
723 1823 917 1878 cognoverant,
935 1818 988 1862 tur·

67 1881 140 1934 ribus
151 1890 244 1934 autem
256 1880 389 1934 excitatis'
401 1888 492 1932 tamen
501 1877 551 1931 has
562 1878 673 1932 altitudo
682 1879 810 1948 puppium
823 1896 857 1931 ex
868 1878 989 1933 barbaris

63 1950 182 2004 navibus
194 1949 344 2019 superabat,
357 1957 385 2001 ut
397 1965 485 2017 neque
498 1965 532 2001 ex
544 1948 667 2001 inferiore
686 1949 744 2001 loco
763 1948 829 2000 satis
846 1949 988 2002 commode
1020 1965 1022 1968 ’

68 2019 122 2072 tela
133 2018 214 2089 adjici
224 2026 331 2088 possent
341 2026 368 2070 et
376 2018 461 2070 missa
472 2018 507 2070 ab
516 2017 601 2071 Gallis
611 2018 719 2086 gravius
730 2017 892 2072 acciderent.
927 2018 989 2072 Una

68 1345 83 1380 0

68 1415 83 1450 0

96 2203 104 2230 ¹
118 2199 187 2256 Uram·
205 2194 257 2247 that
269 2200 298 2255 is,
308 2201 367 2247 sola.
399 2199 446 2245 See
458 2198 527 2258 chap.
539 2203 562 2255 5,
575 2209 631 2246 note
642 2201 665 2246 4.

96 2273 181 2320 ’That
197 2272 226 2328 is,
240 2271 272 2320 all
283 2271 352 2319 other
363 2271 453 2332 things,
467 2272 597 2331 excepting
612 2270 736 2318 swiftness
753 2269 800 2318 and
817 2269 858 2317 the
874 2284 988 2330 manage·

67 2340 135 2380 ment
146 2331 178 2379 of
187 2331 227 2378 the
239 2347 301 2378 oars.

96 2403 238 2458 ³Rostrum,
252 2418 279 2450 or
289 2402 330 2449 the
346 2401 411 2449 beak
421 2401 449 2448 of
461 2417 475 2448 a
490 2401 554 2460 ship,
567 2416 619 2448 was
636 2417 651 2448 a
667 2400 739 2460 sharp
755 2399 802 2447 and
820 2398 919 2459 pointed
938 2399 991 2447 iron

68 2461 181 2509 attached
192 2471 217 2508 to
228 2461 269 2509 the
280 2477 347 2520 prow
358 2460 386 2507 of
399 2460 439 2507 the
451 2460 545 2507 ancient
556 2459 624 2518 ships
635 2459 672 2507 lor
679 2459 721 2507 the
732 2474 836 2518 purpose
847 2458 875 2505 os
886 2458 990 2517 running

69 2521 120 2569 into
131 2520 178 2568 and
189 2520 306 2579 breaking
317 2519 387 2567 those
399 2519 426 2565 os
438 2519 479 2565 the
491 2533 587 2577 enemy.

97 2596 107 2624 ⁴
119 2593 222 2655 Copulae
232 2608 271 2641 are
283 2592 340 2640 here
351 2591 416 2638 what
433 2605 473 2637 are
489 2588 623 2636 elsewhere
640 2587 717 2635 called
732 2604 826 2641 munus,
838 2602 924 2633 manus
936 2588 989 2646 ser-

70 2668 130 2707 recc,
143 2667 171 2699 or
184 2656 343 2714 harpagones;
361 2650 459 2716 thetis,
472 2648 551 2716 hooks
562 2646 643 2694 which
654 2661 719 2693 were
735 2645 846 2692 fastened
862 2654 887 2713 to
898 2661 911 2692 a
922 2660 989 2704 rope,

69 2703 912 2826 ttlthttlttttlthtdtttl}tltutt‘glt,ttpttttttttt
923 2704 991 2812 llll?

69 2827 139 2887 light.

98 2900 192 2948 'Anna
202 2899 335 2959 comprises
346 2908 387 2946 not
399 2898 457 2958 only
467 2914 541 2954 arms,
553 2899 597 2946 but
608 2895 752 2956 everything
763 2911 892 2957 necessary
902 2896 939 2945 for
950 2896 991 2943 the

69 2960 210 3019 cquipment
222 2957 249 3005 ol
261 2975 275 3005 a
286 2957 352 3013 lieet,
366 2957 426 3004 such
438 2973 464 3004 as
475 2957 542 3012 soils,
556 2971 635 3015 ropes,
649 2955 760 3011 anchore,
774 2955 823 3003 dcc.

98 3031 184 3079 ‘That
200 3032 230 3086 is,
243 3033 410 3086 instituerent5
428 3032 471 3078 but
483 3032 621 3078 insisterent
638 3027 747 3076 contains
763 3028 804 3074 the
821 3026 875 3074 idea
885 3025 913 3074 of
924 3033 992 3085 great

69 3091 180 3138 exerticn
191 3089 237 3137 and
248 3089 355 3149 activity.
967 3140 969 3142 v

99 3162 174 3210 'The
185 3162 291 3210 ablative
302 3161 413 3209 absolute
424 3161 485 3208 with
496 3161 538 3208 the
553 3175 662 3220 pronoun
678 3162 720 3205 har
736 3157 797 3204 aster
807 3157 834 3211 it,
848 3155 869 3202 is
880 3152 993 3261 pmlf'ly

70 3236 101 3268 an
111 3219 313 3280 ungramrnatical
321 3221 494 3275 construction,
506 3222 548 3267 but
560 3220 580 3266 is
591 3218 652 3266 used
660 3217 717 3265 here
725 3215 784 3263 with
793 3223 860 3275 great
869 3228 925 3273 emp
943 3212 993 3261 asis

70 3278 107 3328 l'or
117 3289 196 3328 turres
208 3280 320 3327 excitatur
331 3281 433 3327 altitudo
443 3281 576 3341 superarat.
