2146 3704
51 256 93 320 ὦ
353 274 395 316 mr
416 275 514 317 annuo
534 274 672 316 1111111.

53 391 158 466 parunt.
193 383 248 439 Ubi
259 384 347 463 prima
357 382 553 455 impedimenta
563 383 646 439 nostri
658 381 793 438 exercitus
809 380 846 437 ab
862 380 912 453 his,
926 380 975 454 qui

52 470 81 508 11
105 454 180 508 silvis
202 453 288 508 ahdrti
311 453 438 524 latebant,
457 454 515 508 visa
538 463 607 524 sunt,
626 453 698 524 quod
716 462 825 522 tempus
842 451 911 506 inter
928 469 977 508 eos

52 523 239 578 committendi
250 523 343 594 proelii
355 532 524 594 convenerat,
539 524 595 594 ita,¹
607 532 636 578 ut
649 524 718 576 intra
737 523 819 576 silvas
835 523 925 576 aciem
937 539 977 576 or·

52 592 185 664 diuesque
202 594 394 647 constituerant
411 602 493 663 atque
505 594 556 674 ipsi
573 610 634 647 sese
645 593 876 662 confirmaverant,
889 591 977 646 subito

53 663 178 717 amnibus
195 663 280 734 copris
297 663 501 733 provolaverunt
519 673 705 733 rmpetumque
717 663 744 716 in
756 671 860 716 nostros
871 661 979 732 equites

52 731 184 787 lecerunt.
219 733 269 786 His
281 732 361 787 lacile
369 733 455 803 pulsis
466 749 500 786 ac
508 733 669 802 proturbatis
677 731 828 786 incredibili
835 731 978 786 celeritate

52 802 88 856 ad
100 802 203 857 flumen
215 803 432 873 decucurrerunt,
442 811 472 856 ut
480 819 567 872 paene
576 811 757 872 unctempore
769 809 797 855 et
808 800 844 854 ad
856 800 940 855 silvas
950 808 979 856 et

53 872 81 926 iu
93 873 206 926 flumine
218 880 246 926 et
256 871 314 942 jam
326 871 355 924 in
365 872 491 926 manibus
509 873 606 926 uostris
624 871 715 926 hostes
725 871 890 926 viderentur.
927 871 980 926 Ea·

52 941 119 995 dem
130 950 224 996 autern
232 941 370 995 celeritate
378 941 491 994 adverso
500 941 579 995 colle*
589 941 624 996 ad
635 950 725 996 nostra
733 951 821 995 castra
831 948 914 1011 atque
922 957 978 1013 eos,

52 1011 100 1081 qui
111 1011 231 1082 inopere
243 1010 367 1080 occupati
379 1019 462 1081 erant,
475 1010 679 1065 contenderunt.
913 1038 920 1047 κ

87 1085 131 1134 20.
149 1080 258 1135 Caesari
275 1080 366 1134 omnia
382 1097 436 1134 uno
454 1089 575 1150 tempore
599 1088 674 1134 eraut
696 1078 818 1149 agenda:
839 1079 981 1135 vexillum⁸

52 1151 262 1221 proponendum,
276 1150 347 1220 quod
360 1159 418 1203 erat
430 1150 541 1221 insigne,
555 1167 619 1205 cum
632 1150 668 1203 ad
686 1167 762 1203 arma
773 1149 894 1203 concurri
905 1166 980 1220 opor·

52 1227 129 1290 teret,
143 1221 251 1290 signum
268 1219 333 1274 tuba
352 1219 480 1289 dandum,
496 1219 532 1273 ab
549 1236 630 1290 opere
648 1219 792 1274 revocandi
809 1219 919 1290 milites,
933 1218 981 1290 qui

52 1289 132 1359 paulo
151 1289 256 1358 longius
273 1289 379 1358 aggeris
396 1289 506 1359 petendi
519 1306 601 1343 causa
612 1297 803 1360 processerant,
816 1289 979 1360 arcessendi,

51 1359 126 1413 acies
144 1359 307 1429 instruenda,
320 1359 421 1412 milites
438 1358 600 1429 cohortandi,
620 1359 728 1428 signum
743 1358 873 1413 dandum.
909 1357 981 1417 Qua·

52 1443 113 1482 rum
131 1446 221 1483 rerum
236 1446 366 1498 magnam
384 1437 489 1498 partem
506 1430 635 1498 temporis
646 1429 764 1483 brevitas
782 1440 810 1482 et
827 1431 981 1483 successus⁴

52 1495 172 1553 hostium
184 1498 357 1569 impediebat.
393 1498 442 1552 His
454 1499 658 1553 difficultatibus
675 1499 745 1553 duae
764 1515 806 1551 res
823 1505 899 1551 erant
917 1497 980 1552 sub·

52 1567 136 1627 sidio:
156 1568 270 1624 scicntia
281 1576 363 1638 atque
374 1585 440 1622 usus
450 1569 575 1639 militum,
588 1568 658 1639 quod
677 1567 857 1639 superioribus
871 1567 981 1637 proeliis

53 1637 202 1710 exercitati,
214 1637 279 1708 quid
291 1638 377 1692 fierio
414 1646 494 1691 rteret
515 1655 569 1692 non
585 1638 676 1692 miuus
693 1636 862 1692 commodei
898 1636 980 1693 ieibi

52 1707 235 1777 praescribere
257 1724 373 1777 quamn
409 1707 470 1761 aliis
481 1678 573 1762 doceri
584 1716 714 1778 poterant,
727 1717 754 1761 et
784 1707 866 1760 noda
893 1723 980 1778 ,opere

53 1775 220 1857 singulisque
236 1746 389 1847 legionibus
406 1777 525 1847 singulos
542 1777 645 1846 legatos
656 1778 755 1831 Caesar
766 1725 909 1831 discedere
927 1776 980 1831 nisi

52 1847 165 1900 munrtis
182 1848 279 1901 castris
295 1854 427 1901 vetuerat.
463 1848 498 1901 lli
519 1856 624 1917 propter
647 1846 873 1917 propinquitatem
889 1854 917 1901 et
934 1862 979 1901 ce·

52 1913 190 1970 lenitatem
201 1915 320 1969 bostium
330 1916 397 1970 nihil
407 1914 465 1985 jam
476 1917 598 1970 Caesaris
616 1916 761 1986 imperium
774 1915 978 1988 exspectabant,

52 1983 102 2038 sed
115 2001 163 2055 per
175 2001 205 2038 se
218 2001 288 2054 quae
300 1984 469 2038 videbantur‘
479 1985 714 2039 administrabant.

89 2059 132 2107 21.
145 2055 242 2108 Caesar
249 2055 409 2108 necessariis
417 2054 497 2108 rebus
504 2055 641 2124 imperatis
649 2055 684 2109 ad
693 2054 870 2109 cohortandos
876 2054 980 2109 milites

52 2139 137 2194 quam
148 2125 177 2177 in
187 2131 294 2194 partem
304 2122 358 2177 sors
370 2123 472 2194 obtulit,
486 2125 638 2179 decucurrit
656 2134 683 2179 ct
701 2125 737 2179 ad
753 2125 892 2193 legionem
906 2124 979 2180 deci·

52 2209 129 2247 mam
140 2193 258 2247 devenit.
276 2192 382 2248 Milites
392 2209 446 2247 non
457 2194 574 2264 longiore
586 2194 704 2249 oratione
716 2195 877 2265 cohortatus,
887 2195 981 2264 quam·

52 2261 91 2316 uti
103 2280 169 2316 suae
181 2262 310 2334 pristinae
322 2263 426 2318 virtutis
436 2264 598 2319 memoriam
609 2265 753 2319 retinerent
770 2281 825 2318 neu
842 2263 980 2335 perturba·

52 2340 144 2386 rentur
161 2334 252 2386 animo
265 2332 437 2403 hostiumque
455 2333 588 2404 impetum
605 2334 706 2388 sortiter
724 2334 894 2404 sustinerent,
907 2332 980 2404 quod

50 2417 106 2456 111
122 2401 227 2472 lougius
244 2402 337 2457 hostes
359 2402 479 2474 aberant,
498 2420 650 2474 quamquo
668 2404 754 2458 telum
776 2403 860 2474 adjici
877 2411 978 2476 presset,

57 2641 63 2654 .
80 2579 138 2632 ¹lto
154 2582 176 2632 is
192 2582 250 2632 here
265 2582 327 2633 used
342 2599 370 2632 as
385 2599 417 2633 an
432 2582 521 2633 adverb
532 2582 561 2632 ol
572 2583 641 2642 time,
653 2583 770 2646 referring
780 2585 880 2646 toqcod
888 2593 981 2647 tempas

51 2649 117 2691 sister
126 2660 164 2692 eos
174 2652 325 2692 wesenerct.

80 2728 166 2778 ¹'lhut
177 2729 211 2796 is,
223 2734 271 2790 ‘up
281 2729 324 2780 the
334 2730 398 2788 hill,’
407 2728 499 2791 iast'as
509 2733 608 2781 cdoem
616 2732 720 2794 flumine
730 2731 751 2782 is
764 2736 810 2792 ‘up
821 2730 863 2780 the
873 2730 956 2780 river?

8 2869 12 2880 ‚
80 2813 155 2862 ’'l'he
166 2817 279 2864 vexillam
289 2833 341 2866 was
352 2817 461 2878 apurple
477 2817 526 2879 flag
542 2818 639 2868 hoisted
649 2834 708 2868 over
717 2818 759 2868 the
774 2817 898 2881 generul’s
915 2825 979 2876 tent,

51 2872 132 2922 which
140 2889 193 2922 vvas
203 2883 230 2923 to
240 2874 283 2924 the
291 2875 394 2926 soldiers
405 2877 450 2925 as'
500 2877 631 2942 ltiass'gsso)
640 2888 666 2928 11
674 2879 737 2939 keep
746 2877 897 2928 themselves
905 2877 981 2940 ready

50 2931 89 2982 lor
98 2931 183 2981 battle.
215 2933 298 2983 When
310 2934 343 2984 all
354 2936 396 2985 the
407 2892 510 2986 mlldidis
521 2953 587 2986 were
602 2937 686 3003 ready,
699 2938 741 2986 the
770 2953 835 2986 were
846 2936 927 2986 called
941 2945 979 2985 to·

50 2991 138 3054 gether
147 2993 182 3053 by
192 2991 235 3041 the
245 2993 363 3044 eoundcf
374 3003 506 3056 atmnrpet
518 2999 624 3060 (sigum
637 3000 696 3046 dara
710 3006 737 3046 ta
766 3002 783 3053 ).
815 2996 982 3060 Thesigocns

50 3061 75 3101 at
87 3052 129 3101 the
139 3051 188 3101 end
198 3051 227 3101 ol
238 3052 289 3102 this
300 3063 417 3105 sentence
428 3055 449 3104 is
460 3055 503 3105 the
514 3055 671 3106 watchword.

80 3126 229 3176 ‘Successus
239 3126 262 3176 is
272 3126 316 3176 the
326 3128 394 3189 rapid
404 3129 512 3180 edvauoe
523 3130 553 3180 ol
563 3129 606 3179 the
616 3144 715 3192 enemy.

79 3198 217 3260 ὃΝ111111,
229 3203 424 3252 administranda
434 3220 491 3253 csse.

78 3269 165 3319 ‘That
176 3272 206 3328 is,
223 3274 296 3342 {than
303 3290 358 3325 was
366 3291 498 3339 mcessary
506 3276 644 3339 toimpress
653 3277 797 3340 upontberu
805 3277 847 3327 the
856 3275 981 3338 necessity

35 3325 288 3393 olmmmbennffi'
341 3369 348 3384 .
971 3358 973 3362 ’
