2146 3704
458 122 551 163 craten
571 123 622 163 vu.
818 107 836 126 ²
942 103 998 165 181

75 227 350 300 dimentaquesuain
365 229 476 283 artiores
492 231 574 283 silvas
582 228 751 298 abdiderunt,
759 230 848 298 copias
865 247 960 284 omnes
972 229 1000 286 ia

74 299 216 353 loco'edito
228 305 309 367 atque
320 306 412 368 aperto
425 301 613 353 instruxerunt.
643 299 702 358 Qua
714 316 742 351 re
755 300 888 370 nunciata,
900 301 1000 354 Caesar

73 369 198 423 celeriter
211 368 329 421 sarcinas
341 368 461 439 conferri,
474 387 551 422 arma
563 368 683 439 expediri
695 367 781 438 jussit.

108 443 149 493 19.
168 438 250 492 Collis
262 446 326 508 erat,
340 438 435 492 leniter
447 439 481 491 ab
495 439 586 492 infimo
598 438 723 493 acclivis:
743 437 815 492 hunc
827 456 863 492 ex
873 437 999 494 omnibus

71 507 128 564 le're
147 507 270 578 partibus
294 507 372 578 palus
394 508 514 561 difficilis
537 517 618 578 atque
643 508 775 578 impedita
793 507 926 578 cingebat,
947 526 1000 562 non

70 577 148 633 latior
163 577 284 647 ,pedibus
307 596 332 632 L.
368 579 425 631 Hoc
449 596 479 631 se
502 578 579 647 colle,
601 578 753 647 interruptis
776 577 910 649 pontibus,
930 578 1000 632 Galli

71 645 171 703 fiducia
182 647 234 700 loci
252 647 431 715 continebant,
444 648 656 717 generatimque¹
668 646 802 702 distributi
820 647 846 702 in
865 647 998 718 civitates,

70 716 162 772 emnia
173 716 244 770 vada
255 735 287 770 ac
300 717 392 770 saltus⁸
405 717 464 787 ejus
475 718 581 786 paludis
594 717 674 770 certis
686 718 815 772 custodiis
833 717 998 787 obtinebant,

70 787 220 848 sicanimo
240 786 334 858 parati,
355 795 392 857 ut,
414 789 437 840 si
457 805 518 840 earn
539 787 667 857 paludem
691 788 804 841 Romani
826 794 1000 858 perrumpere

70 865 237 926 conarentur,
250 856 417 910 haesitantes
428 866 581 926 promerent
599 875 635 911 ex
654 857 712 910 loco
731 858 882 928 superiore:
902 866 940 928 ut,
953 856 1000 928 qui

89 925 296 997 ropinquitatem
318 926 369 979 loci
387 926 509 997 videret,³
520 935 625 996 paratos
645 944 726 996 prope
746 945 833 996 aequo
853 926 999 982 Marte⁴ad

68 944 257 1067 dimicandum
269 997 452 1067 existimaret,
471 995 517 1066 qui
534 996 703 1065 iniquitatem
722 997 880 1051 conditionis
897 997 1000 1077 perspi·

69 1065 151 1137 beret,
171 1066 244 1118 inani
268 1065 437 1120 simulatione
462 1083 523 1119 sese
541 1074 675 1121 ostentare
693 1075 874 1135 cognosceret.
910 1066 1000 1136 Indig-

70 1134 166 1191 nantes
174 1134 277 1189 milites
285 1137 391 1205 Caesar,
402 1136 472 1205 quod
481 1144 657 1207 conspectum
669 1152 749 1189 suum
762 1136 931 1191 hostcsferra
939 1152 1000 1206 pos·

66 1214 137 1276 sent,
152 1204 253 1259 tantulo
266 1205 351 1274 spatio
369 1205 515 1276 interjecto,
530 1216 557 1259 et
576 1207 683 1275 signum
700 1206 795 1276 proelii
812 1216 998 1278 exposcentes,

70 1274 173 1344 edocet,
194 1283 293 1344 quanto
317 1273 477 1327 detrimento
502 1283 529 1328 et
552 1286 617 1344 quot
640 1277 758 1329 virorum
781 1276 890 1330 lortium
913 1286 999 1330 morte

69 1361 184 1399 necesse
196 1344 230 1397 sit
242 1353 363 1396 constare
375 1345 530 1398 victoriam:
550 1362 616 1414 quos
628 1362 713 1414 quum
731 1346 771 1397 sic
791 1347 881 1398 animo
893 1353 1000 1416 paratos

70 1415 169 1485 videat,
183 1423 212 1467 ut
225 1413 328 1468 nullum
348 1431 393 1484 pro
414 1431 463 1466 sua
475 1414 553 1467 laude
567 1413 717 1484 periculum
729 1423 860 1485 recusent,
875 1431 999 1468 summae

69 1501 98 1538 se
110 1483 262 1554 iniquitatis
273 1483 455 1537 condemnari⁶
466 1482 574 1553 debere,
586 1483 637 1536 nisi
649 1499 742 1535 eorum
753 1483 837 1536 vitam
850 1501 899 1537 sua
912 1483 999 1538 salute

69 1552 169 1609 habeat
181 1553 320 1607 cariorem.
350 1554 393 1607 Sic
405 1553 505 1606 milites
517 1553 675 1633 consolatus,
689 1552 786 1606 eodem
799 1553 844 1607 die
857 1553 960 1607 reducit
972 1555 1000 1608 in

70 1633 174 1694 castra,
200 1623 362 1693 reliquaque,
384 1640 453 1692 quae
474 1623 508 1676 ad
529 1633 754 1694 oppugnationem
774 1623 865 1694 oppidi
883 1623 999 1694 pertine·

68 1691 140 1763 bant,
154 1693 341 1746 administrare
355 1693 478 1746 instituit.

104 1768 145 1816 20.
166 1763 376 1833 Vercingetorix,
390 1781 474 1833 quum
491 1762 526 1816 ad
545 1779 607 1816 suos
624 1763 746 1832 redisset,
760 1762 919 1832 proditionis
936 1761 999 1816 insi·

69 1834 195 1901 mulatus,
215 1833 285 1903 quod
304 1842 391 1886 castra
410 1833 518 1905 propius
535 1835 669 1887 Romanos
686 1833 824 1903 movisset,
844 1832 999 1904 quodcum

68 1904 140 1958 omni
163 1904 284 1972 equitatu
305 1903 482 1975 discessisset,
496 1903 569 1976 quod
590 1904 648 1957 sine
666 1893 781 1974 imperio
801 1911 889 1957 tantas
907 1903 1000 1973 copias
1028 1937 1030 1940 -

68 1973 229 2044 reliquisset,
251 1974 322 2043 quod
345 1973 404 2044 ejus
423 1974 546 2028 discessu
569 1973 683 2028 Romani
704 1983 778 2027 tanta
801 1973 998 2045 opportunitate

68 2051 95 2096 et
119 2043 259 2098 celeritate
280 2042 435 2112 venissent,
461 2060 514 2097 non
538 2043 606 2097 haec
629 2043 719 2097 omnia
739 2044 846 2098 fortuito
869 2052 916 2098 aut
940 2043 998 2097 sine

67 2113 180 2168 consilio
193 2112 318 2166 accidere
335 2113 455 2181 potuisse
463 2115 481 2182 3⁶
493 2130 605 2182 regnum
625 2112 703 2166 illum
714 2114 818 2167 Galliae
837 2114 919 2167 malle
932 2114 998 2168 Cae·

68 2185 135 2237 saris
156 2199 284 2235 concessu
315 2198 398 2250 quam
418 2181 536 2252 ipsorum
557 2182 658 2235 habere
681 2183 828 2236 beneficio:
854 2184 901 2235 tali
918 2183 999 2236 modo

67 2262 212 2306 accusatus
230 2253 265 2305 ad
286 2222 354 2305 haec
374 2251 524 2321 respondit:
543 2250 615 2321 quod
633 2259 721 2311 castra
739 2252 876 2320 movisset,
896 2253 1000 2305 factum

68 2322 159 2393 inopia
170 2322 271 2393 pabuli,
285 2322 367 2374 etiam
380 2321 444 2392 ipsis
456 2321 638 2375 hortantibus:
657 2320 728 2390 quod
747 2321 854 2391 propius
865 2322 999 2375 Romanos

68 2550 77 2598 l
98 2493 268 2599 ¹G5n,eratim,·
287 2491 340 2538 that
357 2490 386 2547 is,
402 2489 545 2551 ‘according
560 2499 586 2537 tc
602 2489 644 2536 the
660 2489 736 2537 tribes
752 2497 777 2536 to
788 2487 870 2535 which
886 2486 945 2548 they
956 2489 998 2536 be·

78 2567 140 2612 enge
160 2587 165 2598 .

97 2627 202 2674 ’Saltus
220 2626 240 2674 is
254 2630 283 2672 ‘a
294 2625 363 2673 thick
375 2624 464 2681 wood,’
477 2624 583 2685 through
600 2623 681 2671 which
697 2623 715 2671 it
731 2623 752 2671 is
768 2621 870 2671 difficult
890 2632 915 2671 tc
931 2638 988 2684 pass

69 2685 181 2734 whether
192 2701 224 2732 on
235 2701 248 2733 a
259 2686 386 2733 mountain
397 2701 424 2732 or
435 2685 460 2732 in
471 2701 485 2732 a
496 2684 569 2743 plain.

97 2761 107 2788 ⁸
120 2758 171 2820 Qui
186 2760 284 2815 adderet,
301 2759 344 2806 ‘he
357 2758 413 2806 who
429 2757 518 2806 should
534 2757 600 2815 see;'
618 2756 660 2804 the
676 2756 784 2819 singular
795 2756 852 2805 here
869 2756 913 2805 has
925 2773 939 2806 a
950 2757 998 2806 col·

69 2818 158 2867 loctive
170 2818 292 2878 meaning.

98 2892 196 2947 ‘Mara
206 2892 247 2939 the
256 2891 304 2952 god
313 2891 341 2939 ol
346 2908 405 2947 war,
416 2891 437 2938 is
446 2890 513 2937 osten
522 2891 583 2938 used
592 2900 617 2938 to
626 2891 752 2950 designate
760 2889 889 2945 waritself,
897 2888 958 2937 with
967 2889 1000 2936 its

70 2953 167 3000 various
177 2952 296 3007 chances;
310 2951 387 2998 hence
395 2967 468 3010 aequo
476 2950 559 2998 Marte
568 2952 597 3006 is,
608 2950 681 2997 ‘with
691 2948 762 3008 equal
771 2965 870 2996 success
880 2949 914 3004 (in
921 2947 997 3003 wari!

99 3028 108 3054 ⁶
120 3025 290 3080 Condemnore,
306 3029 346 3071 ‘to
358 3023 453 3072 declare
464 3023 560 3084 guilty!
779 3025 782 3029 '

99 3097 183 3145 ‘This
200 3096 247 3144 and
263 3096 304 3144 the
317 3096 442 3156 following
458 3097 589 3145 infinitives
605 3094 701 3156 depend
716 3109 781 3154 upon
792 3094 875 3143 averb
886 3092 915 3141 of
928 3097 997 3156 ‘say·

72 3157 133 3218 ing,‘
147 3155 229 3205 which
240 3155 267 3268 is6
273 3155 372 3216 implied
382 3156 408 3204 in
418 3158 584 3205 insimulatus.
