2146 3704
51 234 93 296 bf
356 255 398 297 uir
420 254 517 296 serio
538 254 675 296 cancico.

51 362 144 418 venire
156 370 316 438 properaret,
329 318 459 434 sederunt,
472 372 502 417 ut
515 365 662 419 consimilis
672 363 754 435 fugae
764 363 893 436 profectio
902 363 977 420 ride·

51 441 132 491 ‘etun
168 435 226 496 Hac
238 451 266 488 re
279 432 370 487 statim
382 435 480 488 Caesar
491 451 539 515 per
551 435 732 505 speculatores
749 435 856 507 cognita
867 434 980 490 insidias

51 504 161 574 veritus,
174 504 254 576 quod,
268 503 368 584 quade
381 520 463 557 causa
474 503 651 574 discederent,
665 504 785 560 nondum
796 513 977 577 perspexerat,

52 573 202 630 exercitum
221 591 236 627 e
256 582 425 645 citatumque
443 574 539 627 castris
556 574 694 628 continuit.
731 575 821 629 Prima
838 575 901 629 luce
917 590 979 629 con·

51 643 158 705 fitiuata
176 661 204 698 re
221 591 258 698 a}
281 644 492 715 exploratoribus
514 660 624 698 omnem
646 644 804 724 equitatum,
823 646 870 716 qui
893 645 980 714 noris·

52 704 152 769 simum
170 718 268 784 agmen
286 726 441 785 moraretur,
459 714 605 784 praemisit.
642 714 699 767 His¹
717 713 847 772 Quintum
865 715 979 785 Pedium
1017 778 1020 785 Ι

51 791 79 845 et
97 784 212 840 Lucium
229 784 443 838 Aurunculeium
461 784 567 837 Cottam
585 783 688 852 legatos
704 785 843 854 praefecit.
887 786 980 840 Titum

51 850 202 909 Labienum
214 853 335 922 legatum
348 870 411 907 cum
423 852 574 922 legionibus
585 853 670 908 tribus
681 853 810 924 subsequi
820 853 908 924 jussit.
944 855 980 908 lli

50 925 210 979 novissimos
227 923 312 977 adorti
329 933 357 977 et
374 922 461 978 multa
477 923 553 977 milia
564 939 694 994 passuum
706 925 840 993 prosecuti
851 940 980 993 magnum

50 992 253 1048 multitudinem
265 1009 358 1047 eorum
371 992 533 1063 fugientium
545 993 726 1063 conciderunt,
736 1009 800 1048 cum
811 994 848 1047 ab
858 996 979 1048 extremo

49 1064 168 1133 'agmine²
178 1063 214 1117 ad
226 1079 293 1133 quos
302 1071 413 1117 ventum
426 1071 490 1133 erat,
499 1063 673 1117 consisterent
681 1063 835 1134 fortiterque
846 1064 979 1135 impetum

51 1141 201 1188 nostrorum
212 1132 331 1187 militurn
342 1134 511 1203 sustinerent,
520 1132 627 1203 priores,
638 1132 709 1203 quod
722 1132 819 1187 abesse
831 1150 848 1186 a
859 1134 979 1205 periculo

51 1200 205 1263 viderentur
216 1219 305 1272 neque
317 1203 375 1257 ulla
385 1202 547 1257 necessitate
554 1201 765 1282 nequeiruperio
772 1203 978 1285 continerentur,

51 1273 177 1327 exaudito
202 1272 319 1327 clamore
342 1272 505 1343 perturbatis
525 1271 663 1326 ordinibus
684 1284 780 1326 ornnes
797 1273 826 1327 iri
843 1274 909 1344 fuga
928 1274 979 1328 sibi

48 1342 216 1418 praesidium
234 1350 371 1414 ponerent.
408 1343 449 1396 lta
472 1342 531 1396 sine
554 1341 610 1396 ullo
627 1341 746 1412 periculo
763 1351 867 1397 tantam
885 1359 980 1398 eorum

49 1411 254 1471 multitudinem
265 1413 348 1466 nostri
361 1411 559 1483 interfecerunt,
573 1420 705 1482 quantum
716 1412 769 1466 fuit
780 1413 834 1466 diei
843 1414 979 1485 spatium:

49 1482 101 1539 sub
113 1498 297 1554 occasumque
310 1481 373 1537 solis
390 1481 550 1537 destiterunt
563 1498 649 1553 seque
665 1482 692 1536 in
711 1489 805 1554 castra,
819 1491 917 1537 uteret
929 1484 979 1538 iin-

47 1558 182 1626 pbratum,
195 1561 361 1634 receperunt.
767 1562 769 1567 ’

87 1627 128 1680 12.
146 1622 276 1678 Postridie
288 1620 348 1693 ejus
356 1620 410 1675 diei
419 1622 526 1692 Caesar,
536 1621 830 1692 priusquamsehostes
838 1630 979 1677 exterrere

6 1758 9 1765 ,
48 1708 82 1765 ac
99 1694 166 1764 fuga
183 1692 353 1763 reciperent,‘
363 1692 391 1745 iri
408 1691 478 1745 fines
494 1691 675 1762 Suessionum,
688 1693 736 1761 qui
753 1693 868 1762 proximi
885 1693 979 1748 Remis

48 1770 136 1835 erant,-
145 1764 294 1818 exercitum
305 1760 382 1816 duxit
394 1770 422 1815 et
433 1777 531 1830 magno
548 1760 644 1814 itinere
662 1760 784 1815 confecto
801 1763 836 1815 ad
847 1762 979 1833 oppidum

48 1832 239 1887 Noviodunum
257 1830 414 1887 contendit.¹
455 1830 487 1884 Id
504 1847 540 1884 ex
562 1829 657 1884 itinere
680 1834 834 1902 oppugnare
858 1841 976 1904 conatus,

67 1903 123 1957 uod»
138 1919 257 1956 vacuum
275 1901 310 1955 ab
328 1899 515 1954 defensoribus
538 1916 599 1954 esse
622 1899 758 1970 audiebat,
771 1909 878 1972 propter
889 1902 978 1956 latitu-

47 1918 141 2027 dinem
158 1971 248 2034 fossae
264 1969 389 2040 murique
406 1968 576 2025 altitudinem
594 1971 687 2038 paucis
704 1970 914 2026 defendentibus
931 1989 977 2026 ex·

46 2057 167 2114 pugnare
186 2057 237 2094 non
257 2039 352 2111 potuit.
389 2039 488 2093 Castris
505 2038 616 2092 munitis
627 2039 733 2093 vineas·
748 2056 831 2109 agere
849 2058 977 2113 quaeque

46 2110 83 2165 ad
94 2109 304 2182 oppugnandum
316 2108 378 2163 usui
389 2117 472 2180 erant,
483 2125 639 2180 comparare
649 2108 748 2180 coepit.
765 2111 876 2166 Interim
888 2112 977 2165 omnis

46 2188 83 2235 ex'
92 2181 158 2251 fuge
170 2179 343 2234 Suessionum
355 2178 499 2233 multitudo
510 2179 537 2232 iii
549 2178 678 2250 oppidum
690 2180 812 2250 proxima
823 2189 902 2235 nocte
913 2180 976 2235 con·

46 2251 129 2304 venit.
165 2249 293 2304 Celeriter
305 2249 393 2304 vineis
403 2247 439 2304 ad
451 2248 581 2321 oppidum
597 2249 672 2319 actis,
685 2264 785 2318 aggere
800 2249 883 2321 jacto⁷
899 2251 976 2305 turri·

57 2477 63 2489 Ι
74 2416 120 2469 ¹N
121 2415 211 2490 surely,
224 2417 352 2478 muhdar,
364 2414 446 2465 which
457 2413 479 2464 is
490 2413 619 2464 contained
629 2415 655 2465 in
665 2414 708 2464 the
718 2416 850 2479 preceding
859 2418 965 2467 substan

44 2485 96 2529 five
106 2485 244 2540 querolum.

73 2550 130 2600 ’Ar
140 2560 240 2600 extremo
249 2548 357 2612 agmine·
372 2546 425 2597 that
436 2548 465 2605 is,
476 2549 609 2606 securiori,
619 2547 662 2597 the
672 2548 701 2597 ab
711 2547 769 2598 here
780 2549 923 2612 expressing
931 2549 974 2600 the

44 2619 99 2672 part
109 2611 171 2660 froin
179 2609 261 2659 which
271 2609 314 2658 the
325 2608 437 2669 enemy’s
448 2609 581 2657 resistance
592 2608 736 2668 proceeded.

74 2683 160 2732 ''l'list
176 2683 207 2740 is,
223 2681 354 2788 ¹¹¹⁰{ll‘lw
369 2696 396 2729 as
413 2696 487 2744 many
503 2697 530 2730 es
546 2681 588 2730 the
604 2681 739 2743 remaining
755 2689 808 2742 part
825 2681 854 2730 of
866 2680 909 2731 the
926 2681 974 2744 day

44 2740 150 2792 allowed
160 2742 236 2790 thern.
288 2755 316 2789 ee
328 2754 360 2789 iv.
371 2743 410 2788 35.

72 2813 205 2876 ‘Recipere
215 2831 250 2870 er,
266 2817 307 2860 ‘to
317 2827 418 2861 recover
428 2811 507 2861 from’
541 2812 662 2873 Compare
673 2813 705 2862 iv.
717 2815 755 2862 34.

72 2886 182 2936 'Itium
191 2903 234 2934 ees
246 2895 306 2942 sero,-
323 2884 431 2945 uamaly,
443 2886 471 2933 iri
498 2901 541 2934 nes
550 2885 719 2944 Suessionum
735 2885 893 2936 aud-assoon
901 2889 973 2939 ss÷lie

41 2947 92 3011 had
102 2945 206 2997 reached
218 2887 281 3016 their
293 2944 414 3013 territory,
427 2944 458 2991 he
474 2887 594 3014 hestened
606 2947 742 3003 (metendis)
754 2956 780 2994 to
790 2945 971 3019 Nouiodunum,

43 3005 338 3128 &gopqorclppiiimslqitsqvopeq
347 3002 429 3052 which
440 3002 535 3053 derives
547 3013 581 3054 its
596 3020 667 3054 neme
683 3004 746 3054 from
760 3006 802 3055 tlie
814 3006 970 3067 Suessiones,

43 3135 46 3139 ’
72 3140 154 3190 'The
170 3141 254 3189 oium
269 3154 334 3188 were
350 3137 416 3188 roofs
432 3136 461 3187 of
475 3136 568 3187 wicker
582 3137 661 3195 work.
679 3138 773 3201 testing
789 3153 821 3189 on
838 3148 908 3200 poste
924 3139 973 3201 aud

44 3199 147 3257 wheeb,
163 3198 334 3250 underiwhich
350 3198 393 3248 the
409 3196 512 3247 soldiers
529 3196 601 3247 could
618 3197 679 3247 with
695 3197 775 3261 sefety
790 3200 912 3263 approach
928 3199 972 3250 the

42 3258 116 3309 walls
126 3258 155 3308 of
165 3275 181 3309 a
190 3259 280 3309 hostile
290 3268 366 3316 town,
379 3258 427 3308 sud
436 3257 580 3308 undermine
590 3257 666 3306 them.

63 3329 305 3394 'Alffnmyecere
319 3341 346 3384 to
362 3332 444 3384 throw
453 3331 523 3385 earth
533 3331 585 3384 into
594 3330 638 3383 the
648 3330 716 3383 ditch
725 3328 763 3382 for
772 3331 815 3382 the
824 3333 967 3395 purpossof
