2146 3704
59 260 129 320 198
370 275 411 317 un
432 275 530 316 anano
551 273 686 314 aanmco.

53 386 144 469 'amna
155 385 306 441 constitere.
341 387 379 439 At
391 383 554 454 reliquarum
570 380 822 452 milites'legionum
844 394 994 436 nonsxan·

54 448 123 524 'dtto
135 456 217 511 tubae
235 471 306 527 sono,
319 455 389 526 quod
402 454 467 508 satis
482 461 581 523 magrra
592 453 670 507 vallis
687 421 880 522 intercedebat,
891 451 995 506 tamen¹

56 524 104 580 'ab
115 526 228 580 tribunis
238 525 356 580 militurn
367 524 525 594 legatisque,
538 529 569 576 ut
580 530 636 576 erat
647 539 664 574 a
676 521 790 576 Caesare
807 528 994 592 praeceptum,

68 595 265 650 retinebantur:
284 593 332 649 sed
350 594 414 647 elati
433 609 481 663 sps
499 591 732 646 celerisvictoriae
749 599 778 644 ct
793 589 913 644 bostium
929 589 996 660 fuga

69 665 290 736 superiorumque
303 672 454 734 temporum
463 661 589 716 secundis
597 661 710 733 proeliis,
720 660 788 715 nihil
798 659 868 714 adeo
879 659 996 714 arduum

53 735 121 790 'sibi
137 733 336 804 existimabant,
348 732 420 803 quod
437 748 491 786 non
501 732 599 786 virtute
617 731 744 801 consequi
762 738 888 802 possent3
904 745 996 800 neque

68 804 143 876 prius
159 804 243 858 linem
261 800 392 872 sequendi
409 802 538 872 iecerunt,
557 816 640 872 quarn
656 816 732 855 muro
750 798 841 880 oppidi
857 798 996 871 portisque

69 888 87 926 a
106 873 320 946 propinquarent.
355 870 426 926 Tum
437 884 501 925 veru
520 886 555 923 ex
571 869 698 924 omnibns
712 867 787 923 urbis
803 868 927 939 partibus
940 876 997 923 orto

70 890 197 1013 clamore,
221 941 268 1011 qni
289 939 394 1008 longius
415 938 536 1014 aberant,
548 940 689 1011 repentino
711 937 829 993 tumultu
847 937 995 1008 perterriti,

70 1023 155 1081 quum
166 1009 273 1063 hostem
290 1009 359 1062 intra
374 1016 465 1080 portas
482 1025 543 1062 esse
561 1008 753 1080 existimarent,
766 1023 827 1062 sese
845 1023 882 1062 ex
898 1006 997 1079 oppido

57 1077 217 1149 ejecerunt.
253 1078 358 1134 Matres
380 1077 500 1132 familiae
523 1077 558 1132 de
581 1094 658 1133 muro
676 1085 783 1132 vestem
801 1084 997 1149 argentumque

69 1147 216 1220 jactabant,
235 1156 264 1202 et
280 1147 397 1219 pectoris
415 1149 479 1202 fine¹
495 1147 684 1219 prominentes,
702 1147 790 1219 passis
805 1145 934 1202 manibus
951 1145 997 1201 ob·

71 1218 239 1273 testabantur
255 1218 396 1289 Romanos,
408 1228 438 1272 ut
456 1216 506 1270 sibi
523 1223 669 1297 parcerent,
682 1227 744 1287 nen,
758 1217 827 1271 sicut
838 1215 949 1270 Avarici
959 1215 998 1269 le·

71 1288 171 1346 cissent
197 1304 232 1341 ne
250 1287 410 1341 mulieribus
426 1286 538 1357 quidem
557 1294 639 1356 atque
658 1285 805 1341 infantibus
824 1285 997 1340 abstinerent.

68 1327 224 1411 Nonnullae
235 1356 270 1411 de
281 1356 366 1415 muris
380 1372 537 1426 parmenus
548 1354 684 1409 demissae
696 1372 757 1409 sese
768 1355 902 1410 militibus
912 1355 999 1428 trade·

71 1425 146 1480 bant.
181 1426 214 1480 L.
226 1426 333 1498 Fabius,
345 1426 465 1480 centurio
482 1425 685 1507 legionisvm,
698 1439 781 1495 quem
798 1426 868 1478 inter
886 1440 950 1480 suos
965 1440 999 1479 eo

72 1493 118 1551 die
130 1495 232 1551 dixisse
249 1495 396 1566 constabat,
409 1495 519 1549 excitari
531 1512 561 1548 se
573 1494 783 1549 Avaricensibus
795 1494 945 1565 praemiis,⁸
953 1508 999 1548 ne·

72 1578 127 1635 que
139 1566 356 1637 commissurum,
367 1574 398 1619 ut
409 1565 483 1635 prius
494 1565 637 1635 quisquam
647 1580 756 1630 murum
767 1563 935 1635 ascenderet,
945 1571 1000 1618 tres

73 1649 137 1688 suos
154 1644 249 1688 nactus
266 1635 449 1705 manipulares
465 1643 546 1706 atque
558 1633 594 1687 ab
604 1633 637 1686 iis
655 1632 813 1687 sublevatus
829 1650 940 1689 murum
957 1648 999 1688 as·

57 1704 60 1709 '
72 1703 174 1767 cendit.
211 1705 266 1758 Eos
278 1705 336 1775 ipse
345 1720 436 1758 rursus
447 1704 565 1773 singulos
574 1711 727 1773 exceptans,
736 1703 763 1756 in
775 1719 885 1757 murum
895 1702 998 1758 extulit.

109 1778 153 1827 48.
171 1773 282 1828 Interim
299 1773 326 1844 ii,
339 1773 386 1845 qui
405 1773 439 1826 ad
458 1773 571 1827 alteram
582 1780 687 1844 partem
703 1771 800 1843 oppidi,
813 1780 843 1826 ut
862 1788 943 1843 supra
955 1772 1000 1827 da·

73 1843 290 1914 monstravimus,
303 1841 459 1897 munitionis
470 1856 553 1896 causa
567 1843 765 1913 convenerant‚⁴
771 1841 861 1964 primo
872 1842 1000 1899 exauditu

74 1909 201 1980 clamore,
224 1911 287 1965 iude
311 1912 393 1964 etiarn
422 1910 522 1964 crebris
548 1911 656 1965 nunciis
678 1911 788 1981 incitat,
812 1911 942 1982 oppidum
964 1912 1000 1966 ab

73 1978 201 2034 Romanis
213 1980 319 2050 teneri,⁸
325 1979 480 2049 praemissis
491 1979 635 2049 equitibus,
643 1996 742 2049 magno
753 1997 884 2035 concursu
897 1996 930 2034 eo
938 1996 999 2035 cun·

74 2045 227 2115 tenderunt.
263 2049 363 2101 Eorum
376 2055 407 2100 ut
418 2048 532 2116 quisque
543 2048 646 2119 primus
657 2057 773 2120 venerat,
787 2049 838 2104 sub
849 2066 927 2105 muro
938 2066 1000 2105 cun·

75 2116 188 2169 sistebat
200 2131 362 2185 suorumque
374 2117 552 2185 pugnantium
564 2133 706 2171 numerum
720 2119 844 2189 augebat.
880 2120 998 2178 Quorum

74 2201 160 2255 quum
179 2201 278 2255 magna
297 2183 440 2239 multitudo
460 2186 636 2257 convenisset,
659 2195 760 2241 matres
779 2188 909 2261 familiae,
930 2204 999 2259 quae

74 2253 165 2324 paullo
182 2262 245 2309 ante
263 2254 390 2309 Romanis
406 2255 441 2308 de
458 2271 535 2309 muro
553 2272 652 2309 manus
669 2257 814 2311 tendebant
832 2275 896 2313 suos
912 2259 999 2314 obtes-

75 2325 134 2378 tari⁸
145 2331 173 2378 et
184 2340 259 2379 more
271 2324 373 2379 Gallico
384 2340 496 2395 passum
513 2325 641 2395 capillum
658 2334 791 2380 ostentare
807 2327 961 2401 liberosque
972 2329 999 2383 in

74 2402 250 2464 conspectum
267 2395 383 2465 prolerre
401 2402 555 2464 coeperunt.
591 2395 655 2448 Erat
666 2391 793 2450 Romanis
809 2413 861 2451 nec
872 2399 932 2452 loco
948 2415 999 2453 nec

73 2478 186 2517 numero
206 2480 296 2535 aequa
314 2464 463 2518 contentio:
488 2463 567 2535 simul
585 2471 613 2517 et
632 2478 713 2517 cursu
731 2473 759 2518 et
776 2467 864 2546 spatio
883 2469 999 2538 pugnae'

74 2531 213 2604 defatigati
224 2552 277 2588 non
288 2533 369 2588 facile
381 2541 504 2588 recentes
513 2541 595 2604 atque
607 2533 725 2602 integros
736 2535 914 2591 sustinebant.

102 2674 213 2751 trames
222 2702 281 2753 here
291 2703 367 2754 refers
377 2713 404 2754 to
414 2668 552 2768 aquamola,
563 2683 665 2767 implisd
673 2703 749 2755 inibe
759 2704 866 2756 ablativa
876 2706 997 2765 obsolute,

72 2774 123 2807 stou
134 2764 244 2811 manduc
254 2781 321 2812 acac.

91 2817 229 2883 ⁴’Pectoris
238 2836 305 2895 fimf
322 2835 376 2884 that
391 2835 422 2893 is,
431 2845 524 2898 pectore
533 2846 613 2902 tenue,
629 2841 676 2899 ‘up
685 2846 712 2888 to
722 2837 785 2888 their
794 2839 909 2891 breastsss

102 2901 189 2974 ⁸'l'lrut
199 2905 229 2962 is,
244 2908 290 2967 ‘by
300 2907 343 2956 the
353 2908 460 2957 rewards
471 2909 552 2959 which
564 2909 655 2960 Caesar
664 2911 712 2961 had
722 2912 796 2973 given
805 2920 833 2961 to
840 2911 881 2963 hia
895 2911 996 2962 soldiers

72 2962 262 3014 atAvancum.'
599 2994 601 2999 ν
866 2997 869 3001 ·

98 3030 118 3069 ,1,
185 3037 213 3049 ,Ν
284 3027 291 3037 .

102 3038 344 3183 'megenum
356 3114 406 3165 this
416 3115 555 3167 accusative
563 3115 624 3166 with
634 3090 676 3167 the
687 3117 806 3168 infinitiva
814 3089 922 3181 depende
931 3131 995 3180 upon

73 3173 116 3223 the
128 3174 259 3236 precedmg
269 3175 337 3224 word
348 3177 453 3225 nunciis.
890 3188 892 3193 '

103 3247 216 3308 ‘Supply
229 3246 296 3295 ‘that
307 3248 367 3309 they
377 3248 456 3310 might
467 3248 528 3310 light
539 3245 640 3310 bravely
651 3249 745 3311 against
755 3251 798 3300 the
810 3248 937 3302 Romans!

101 3318 317 3382 mmmmm,
331 3324 378 3385 ‘by
386 3321 429 3374 the
439 3321 497 3385 long
505 3321 619 3372 duration
626 3338 654 3373 or
662 3323 822 3376 emtinuauce
829 3326 859 3377 of
864 3326 907 3378 the
916 3322 991 3387 figbt!
